3200 4859
570 318 604 363 IN
620 318 645 366 Τ.
661 318 735 365 LIVII
751 318 869 365 LIBRUM
885 318 962 364 XXII.
1323 320 1378 366 LIII

156 473 241 535 latus
265 471 371 535 omnia
393 470 557 534 renuntiat
581 470 736 549 Statilius,
759 471 849 553 ignes
872 472 905 533 in
927 473 1018 553 parte
1042 474 1219 535 castrorum
1241 472 1377 549 relictos,

154 597 268 661 nempe
293 596 356 658 qua
379 579 512 658 vergant
536 577 575 641 ad
598 578 725 641 hostem
748 580 854 641 333113
868 576 1054 642 Poenorum.
1090 579 1129 642 Id
1152 580 1250 660 igitur
1272 578 1377 643 differt

156 687 195 750 ab
218 686 294 749 hoo:
318 684 352 746 in
376 702 412 747 33
434 685 525 766 parte
549 686 735 761 castrorum,
759 703 841 765 quae
864 685 976 765 vergat
998 684 1039 748 ad
1059 686 1194 750 hostem.
1240 686 1322 750 Cum
1344 686 1378 748 in

156 792 299 856 oodioum
318 790 475 873 scriptura
495 793 552 855 aut
567 810 649 870 quae
664 792 698 853 in
714 810 778 870 qua
796 793 852 855 aut
867 795 999 872 serpant
1014 793 1047 855 in
1062 796 1172 873 3319111
1185 792 1377 856 mutandum

157 899 208 976 sit,
224 917 260 962 eo
275 897 378 978 magis
395 897 435 961 ad
450 897 531 960 illud
548 897 776 979 confugiamus
793 916 854 980 quo
870 898 1086 980 frequentiora
1100 900 1134 963 in
1149 899 1218 963 odd.
1234 900 1378 981 exempla

156 1007 231 1069 sunt
251 1004 370 1067 mutati
394 1004 499 1085 aliquo
514 1004 607 1068 modo
624 1004 762 1068 adverbii
777 1004 863 1068 illius
880 1025 954 1085 qua,
979 1005 1063 1088 quod
1078 1006 1163 1070 idem
1178 1007 1263 1070 valet
1279 1007 1376 1086 atque

155 1112 210 1176 ubi
231 1111 282 1175 131
306 1129 368 1192 qua
391 1112 481 1192 parte
504 1112 556 1175 131
579 1111 617 1175 ab
641 1129 679 1174 ea
701 1112 792 1193 parte
816 1130 879 1192 qua
903 1111 980 1194 (qao
1000 1114 1179 1192 11311323,
1210 1121 1244 1189 7,
1276 1121 1311 1189 5,
1340 1110 1378 1176 31.

154 1238 220 1299 qao
245 1226 296 1295 31,
320 1224 371 1294 23,
394 1225 424 1294 4,
447 1236 486 1280 ea
510 1224 561 1295 24,
586 1224 637 1294 46,
662 1226 689 1281 1.
714 1226 765 1295 37,
790 1224 841 1294 32,
866 1217 907 1299 2).
945 1217 1030 1281 Nam
1052 1237 1109 1302 pro
1132 1238 1167 1282 re
1189 1221 1267 1282 1313
1281 1218 1376 1281 modo

154 1326 189 1388 in
219 1343 329 1388 oasum
359 1324 498 1404 aliquem
527 1324 721 1406 pronominis
751 1324 892 1401 relativi,
926 1325 1019 1388 modo
1053 1325 1087 1387 in
1120 1325 1201 1406 qaia
1234 1325 1378 1389 vertitur.

154 1431 312 1495 Notabilis
337 1432 387 1494 est
408 1431 442 1494 in
466 1449 501 1495 oo
525 1431 676 1494 voeabulo
701 1430 916 1513 disorepantia
932 1430 1074 1495 oodioum
1089 1432 1139 1495 his
1156 1432 1248 1507 loeis3
1273 1442 1302 1509 1,
1326 1438 1378 1509 28,

157 1546 199 1603 10
231 1556 293 1619 qua
322 1538 541 1614 inhaeserant,
578 1545 613 1614 1,
651 1544 708 1613 38,
746 1544 763 1601 6
803 1555 866 1617 qua
891 1538 1067 1615 munierat,
1103 1547 1136 1615 1,
1171 1545 1229 1615 44,
1263 1546 1284 1602 4
1316 1556 1380 1618 qua

152 1664 284 1709 murum
313 1644 438 1708 duoturi
468 1645 572 1721 erant,
603 1652 638 1721 3,
670 1652 703 1720 3,
739 1654 756 1707 7
790 1661 854 1725 qua
884 1646 1056 1708 venturum
1086 1645 1241 1722 sciebant,
1271 1652 1301 1721 4,
1326 1653 1377 1721 59,

155 1760 174 1819 5
201 1770 265 1833 qua
287 1752 412 1813 nullum
435 1752 504 1814 erat
526 1750 728 1839 praesidium,
752 1758 781 1827 5,
805 1757 858 1827 43,
882 1758 899 1814 2
927 1770 989 1832 qua
1013 1751 1103 1833 signa
1125 1750 1200 1815 ferri
1221 1751 1381 1829 videbant,

154 1868 215 1936 22,
244 1867 280 1935 2,
311 1864 328 1920 2
355 1875 417 1937 qua
439 1856 554 1921 fluvius
584 1856 809 1934 inundaverat,
844 1864 901 1935 22,
932 1867 989 1934 15,
1025 1865 1064 1921 12
1097 1860 1130 1921 31
1161 1867 1218 1935 27,
1247 1866 1305 1935 43,
1337 1866 1378 1923 10

153 1984 218 2048 qua
253 1963 407 2028 duoturus
437 1964 520 2041 erat,
556 1971 614 2040 28,
649 1974 684 2040 1,
715 1972 734 2029 3
765 1981 830 2044 qua
857 1963 891 2025 in
924 1964 1078 2027 orientem
1097 1964 1225 2046 ‘vergit
1279 1964 1379 2047 Saepe

151 2074 244 2137 iuxta
265 2071 398 2135 verbum
420 2068 578 2151 vergendi,
603 2070 691 2133 ouius
715 2070 762 2133 rei
786 2069 878 2133 adsst
902 2071 1089 2154 exemplum,
1112 2071 1172 2135 hoo
1195 2070 1379 2135 adverbium

151 2177 330 2243 invonitur:
361 2198 389 2240 1.
420 2174 557 2240 301111.
588 2183 624 2253 4,
654 2184 711 2252 31,
742 2185 782 2241 19
813 2177 858 2238 At
887 2195 953 2257 qao
981 2177 1085 2258 vergit
1113 2177 1153 2240 ad
1184 2178 1378 2241 occidentem

152 2286 209 2350 alii
249 2284 420 2365 Aethiopes
462 2282 583 2359 uolunt,
624 2281 703 2364 Nep.
745 2281 825 2347 Cim.
861 2291 896 2359 2,
939 2289 957 2348 5
1001 2301 1056 2345 311
1097 2303 1162 2364 quo
1203 2283 1244 2347 ad
1285 2285 1381 2347 meri·

151 2392 239 2457 diem
262 2390 373 2472 vergit.
417 2389 460 2451 llt
491 2388 543 2452 hio
571 2388 667 2452 multi
695 2389 866 2454 voluerunt
893 2407 989 2468 qaue,
1026 2391 1059 2453 et
1086 2390 1156 2472 pari
1188 2390 1283 2455 modo
1317 2409 1378 2471 quo

149 2500 232 2581 Nep.
255 2498 336 2561 111111.
362 2504 397 2573 3,
422 2504 439 2559 1
464 2495 599 2560 Pontem
622 2494 697 2559 feeit
719 2496 753 2558 in
775 2495 886 2559 Histro
915 2495 1062 2573 flumine,
1092 2516 1157 2576 quo
1185 2498 1289 2579 oopias
1312 2499 1379 2561 tra-

151 2606 293 2669 duoeret.
337 2603 434 2680 Haeo,
459 2622 539 2684 quae
563 2602 670 2666 adlata
693 2604 778 2680 sunt,
803 2602 999 2667 validIssime
1022 2602 1130 2668 favent
1152 2604 1186 2666 in
1212 2604 1275 2681 his,
1300 2622 1380 2685 quae

153 2713 347 2793 sequuntur,
376 2710 423 2773 illi
445 2709 589 2773 leotioni:
626 2718 660 2786 1,
690 2716 746 2786 23,
778 2718 795 2775 5
821 2709 918 2773 Duoit
940 2730 1007 2789 qua
1028 2711 1168 2793 proxime
1192 2710 1232 2774 ad
1254 2712 1380 2775 hostem

149 2819 276 2902 potest,
311 2824 347 2893 2,
372 2824 429 2892 31,
454 2822 471 2878 2
496 2815 654 2896 Equitatu
677 2815 820 2879 immisso
848 2815 988 2880 mediam
1020 2817 1205 2881 turbaverat
1238 2818 1380 2881 hostiurn

151 2925 265 3001 331311,
288 2942 362 3003 qua,
386 2921 463 2985 dum
486 2940 519 2985 33
544 2940 660 2985 eornua
682 2922 781 2985 1311113
805 2922 957 3003 pandunt,
979 2942 1094 3005 parum
1118 2924 1190 3005 apto
1205 2923 1380 2986 introrsum

150 3030 316 3096 ordinibus
347 3028 446 3093 331311
475 3027 666 3091 firmaverat.
719 3027 854 3091 Sinistra
885 3029 1050 3109 acceptum
1084 3028 1168 3091 idern
1203 3048 1268 3107 qua
1303 3030 1381 3093 ahos

150 3137 231 3203 alibi
259 3135 362 3201 effeoit
392 3152 521 3198 errores.
569 3131 610 3211 Si,
641 3135 680 3197 ut
708 3132 815 3197 doouit
836 3132 1012 3210 Woelfflin,
1043 3134 1169 3215 scripsit
1191 3134 1299 3199 Livius
1329 3143 1381 3213 22,

150 3254 190 3321 2,
223 3250 241 3305 2
272 3242 450 3325 propiorem
479 3240 564 3304 11311
592 3258 649 3322 per
677 3239 808 3322 paludes
837 3239 933 3322 petit,
969 3258 1032 3321 qua
1064 3239 1179 3304 fluvius
1202 3242 1308 3305 Arnus
1336 3277 1382 3288 —

149 3348 381 3424 inundaverat,
410 3347 447 3426 ii,
478 3347 533 3428 qui
563 3365 600 3410 31
624 3346 715 3409 solito
737 3364 911 3429 pronomen
934 3366 999 3427 quo
1022 3366 1091 3411 esse
1113 3348 1268 3429 putarunt
1291 3348 1382 3432 (non-

146 3456 330 3521 1111111313
352 3454 385 3517 11
409 3473 506 3534 qoam
527 3452 755 3535 mutaverunt),
777 3453 838 3516 hao
859 3471 957 3535 prava
973 3453 1116 3536 opinione
1132 3452 1223 3518 faoile
1247 3454 1378 3519 adduoti

151 3564 242 3639 sunt,
265 3563 303 3625 ut
319 3558 476 3640 paludem
499 3560 681 3624 seriberent.

244 3669 290 3734 Ib.
321 3666 366 3729 ud
393 3665 509 3729 bostem
530 3666 596 3729 AIs.
626 3684 695 3747 sqq.
741 3665 785 3729 ad
814 3664 852 3729 ia
880 3665 996 3729 bostem
1018 3666 1053 3729 P.
1098 3666 1136 3728 13
1163 3665 1281 3730 bostem
1311 3668 1382 3732 edd.

152 3778 234 3842 ante
256 3776 323 3839 Als.
368 3772 450 3835 Vide
475 3790 571 3854 supra
594 3772 634 3836 ad
658 3791 682 3835 a.
707 3778 736 3849 4,
760 3780 789 3835 2.

246 3888 306 3958 43,
342 3889 359 3945 9
389 3876 524 3941 maioris
557 3878 624 3941 odd.
656 3877 724 3941 odd.
753 3897 791 3940 eu
820 3878 956 3941 motoris
979 3880 1106 3942 auotoro
1129 3878 1265 3943 Luehsio
1287 3880 1382 3945 Rmn.

146 3988 217 4053 Hio
239 4006 312 4052 1313
335 4005 400 4050 non
421 3984 454 4047 id
478 3984 580 4047 solum
603 3984 770 4048 dicendum
794 3987 871 4062 erat,
895 4003 1051 4049 consensu
1074 3986 1125 4067 (31
1148 3986 1320 4065 voluntate,
1345 4006 1383 4052 31

76 4080 84 4091 ’
147 4093 242 4176 1313)
265 4092 394 4157 motoris
417 4091 517 4173 partis
540 4090 658 4154 foetam
683 4110 750 4155 osso
774 4090 1018 4173 profectionem,
1050 4090 1105 4154 sed
1133 4092 1231 4156 etiam
1253 4094 1382 4157 maioris

146 4200 256 4285 partis
286 4198 478 4263 sententiam
508 4216 638 4262 oausam
661 4197 757 4262 tuisse
788 4198 1018 4281 profieisoondi,
1048 4217 1121 4261 oum
1152 4198 1288 4263 Varroni
1317 4200 1383 4263 fero

149 4325 276 4383 omnes,
299 4305 397 4368 Paulo
420 4323 513 4369 nemo
536 4306 662 4386 praeter
687 4302 856 4368 Servilium
879 4303 1101 4368 adsentiretur.
