3200 4859
220 322 285 371 LXII
722 320 946 367 reomaenses

219 475 310 550 Wlu,
339 475 424 556 Tkg,
452 474 552 550 Rmn,
575 473 647 537 lllr.
693 471 773 552 peta
795 477 997 552 erumperent
1020 473 1090 537 edd.
1114 476 1190 537 ante
1212 473 1306 537 an.
1330 473 1448 538 -.Ib.

221 581 329 644 coaott
361 581 429 643 stat
459 590 487 643 1.
517 588 546 645 3.
573 582 644 643 Asc.
674 579 722 643 Al.
751 579 835 660 Meg.
866 579 963 662 Gryn.
993 580 1129 662 Lipsius.
1181 580 1287 643 coacti
1315 584 1391 642 suat
1419 580 1462 643 Ρ,

220 688 311 751 Frob.
336 686 427 752 Grut.
452 685 546 751 Gron.
569 686 665 749 Drak.
697 685 764 749 rell.
810 685 837 748 P
860 687 986 769 saepius
1011 688 1057 750 sic
1080 688 1180 764 errat,
1203 688 1242 749 ut
1265 706 1290 750 c.
1315 694 1373 763 59,
1404 696 1447 753 17

220 792 284 857 cist
306 811 425 857 sumas.

309 899 488 981 Desperata
511 899 668 981 scriptura
690 902 727 962 ut
750 936 789 945 -
816 898 923 961 conob
944 903 1022 961 suot
1037 899 1137 980 (quod
1150 899 1450 981 interpretabantur

221 1025 318 1085 „cum
341 1006 448 1069 conati
471 1005 599 1087 sunt“)‚
634 1004 710 1087 qnid
734 1006 776 1069 sit
798 1024 855 1087 pro
879 1024 931 1083 eo,
966 1006 1051 1087 quod
1074 1007 1125 1069 est
1150 1008 1201 1081 ot,
1235 1006 1451 1082 scribendum,

221 1113 395 1194 quaeritur.
439 1110 624 1196 Respondet
646 1112 711 1175 iam
735 1112 790 1175 diu
815 1111 985 1176 Schottus:
1016 1111 1125 1190 „Quid
1148 1112 1176 1175 si
1202 1113 1306 1193 legas,
1340 1115 1452 1176 trans-

220 1220 295 1283 latis
319 1218 542 1283 tantummodo
566 1219 684 1295 verbis,
717 1220 755 1281 nt
785 1217 843 1298 qut
871 1217 1122 1298 erumpeatcbus,
1156 1236 1196 1281 ae
1218 1223 1418 1298 erumperent
1427 1225 1449 1253 ‘⁶

221 1328 280 1391 cet.
331 1325 556 1406 Antiquissimi
590 1326 699 1388 autem
733 1324 870 1389 editores
904 1325 961 1405 qui
995 1325 1099 1389 solum
1133 1326 1321 1402 tenuerunt,
1362 1325 1448 1406 quod

94 1460 97 1465 ·
223 1431 351 1515 quidem
374 1430 570 1507 commodius
594 1433 643 1494 est
667 1450 703 1495 ac
725 1432 935 1513 probabilius;
960 1432 1049 1495 cuius
1071 1430 1206 1495 forsitan
1228 1432 1389 1512 reliquum
1406 1432 1453 1495 sit

220 1538 323 1620 priore
346 1537 472 1599 locent
495 1556 551 1619 pro
573 1536 620 1599 ui.
666 1538 714 1601 De
738 1538 877 1618 reliquo,
903 1540 941 1602 ut
963 1538 1068 1603 verbis
1091 1539 1167 1601 utar
1188 1538 1341 1620 Madvigii
1364 1538 1451 1621 (Ilua

220 1664 250 1727 p.
275 1644 361 1725 311),
385 1643 544 1721 „aliorum
568 1646 701 1707 conatus
725 1644 846 1719 omitto,
870 1664 1006 1726 quorum
1029 1645 1081 1708 rix
1105 1644 1274 1726 quisquam
1298 1645 1450 1727 sibiipsa

222 1749 416 1824 satisfecit“;
450 1768 588 1831 namque
618 1751 678 1815 hoc
708 1751 805 1815 etiam
834 1754 907 1834 post
935 1753 1035 1835 ipsius
1059 1752 1296 1829 „certissimam
1318 1752 1454 1815 medici-

220 1862 329 1934 nam“,
353 1874 449 1937 quam
472 1859 572 1934 vocat,
597 1857 699 1921 dicere
722 1876 816 1941 posse
839 1859 919 1923 mihi
941 1859 1058 1922 videor.

309 1962 348 2025 In
370 1963 457 2027 hunc
478 1964 610 2027 modum
631 1964 729 2029 locuti
752 1967 844 2028 erant
868 1966 1000 2047 captivi:
1029 1965 1108 2040 llos,
1144 1963 1199 2047 qui
1223 1962 1451 2045 Sempronium

222 2069 335 2134 ducem
365 2070 465 2133 secuti
493 2073 616 2148 essent,
649 2071 711 2134 nisi
739 2072 937 2153 pernicitatis
967 2071 1086 2153 pedum
1115 2072 1149 2135 et
1180 2088 1293 2134 cursus
1317 2070 1452 2150 aliquod

220 2175 399 2259 praemium
423 2178 516 2253 esset,
540 2177 599 2241 sibi
621 2196 685 2241 nou
709 2195 778 2242 esse
802 2177 1039 2260 praeferendos,
1061 2195 1120 2240 nec
1142 2177 1176 2239 in
1198 2177 1238 2239 iis
1260 2176 1453 2258 plusquam

221 2284 255 2347 in
278 2301 311 2346 se
334 2282 483 2365 praesidii
506 2282 603 2348 fnisse
627 2285 673 2349 rei
699 2285 863 2369 publicae;
898 2285 1151 2349 commilitonum
1180 2282 1356 2347 condicioni
1386 2281 1454 2345 for-

221 2391 383 2470 tunaeque
415 2408 448 2453 se
475 2409 539 2453 non
568 2392 727 2468 invidere3
762 2393 795 2456 et
829 2392 892 2455 illis
927 2392 1017 2456 bonis
1049 2409 1086 2455 ac
1120 2389 1255 2453 fortibus
1289 2388 1453 2453 militibus

220 2512 335 2559 usuros
367 2514 435 2559 esse
464 2497 625 2561 Romanos
663 2501 695 2562 et
728 2500 831 2562 semet
864 2498 941 2580 ipsis
976 2498 1073 2561 etiam
1106 2494 1354 2578 promptioribus
1388 2513 1452 2575 pro

221 2601 335 2684 patria,
358 2601 443 2681 quod
465 2602 615 2666 beneficio
639 2622 750 2667 eorum
771 2604 929 2687 redempti
952 2604 1060 2669 essent
1083 2602 1121 2685 (e.
1145 2607 1197 2677 59,
1223 2599 1285 2682 10t
1321 2599 1372 2663 Ad
1387 2600 1453 2664 hoc

221 2707 361 2771 Manlius
383 2708 501 2772 ironice
524 2710 708 2791 respondet:
732 2711 805 2774 Non
826 2711 921 2775 modo
944 2710 1052 2786 fortes,
1076 2708 1132 2772 sed
1146 2726 1189 2771 ne
1202 2707 1301 2771 bonos
1318 2705 1452 2787 quidem

221 2812 394 2893 fidelesque
418 2814 500 2877 eires
525 2832 577 2877 eos
602 2834 670 2879 esse
693 2835 804 2899 posse:
831 2818 929 2881 bonos
954 2816 1038 2879 enim
1060 2815 1234 2894 fidelesque
1257 2831 1316 2876 uec
1338 2811 1452 2889 tuisse,

223 2919 277 3001 qui
301 2938 374 2983 oum
391 2918 576 3002 Sempronio
601 2923 850 3004 erumpentibus
873 2941 914 2986 ne
930 2923 1141 3004 erumperent,
1165 2919 1318 2983 obsistere
1340 2919 1452 2981 conati

222 3027 337 3103 essent,
359 3044 419 3089 nec
441 3026 565 3090 futuros
590 3046 657 3093 esse
680 3028 714 3092 in
735 3031 915 3111 posterum,
938 3048 1011 3092 oum
1033 3028 1102 3092 fieri
1123 3045 1189 3091 non
1210 3026 1333 3107 posset,
1371 3025 1452 3105 quin

221 3132 283 3215 ipsi
305 3133 496 3197 contumelia
521 3133 637 3198 adfecti
661 3153 730 3210 eos,
756 3153 835 3218 quos
858 3134 1044 3199 tortitudine
1069 3151 1127 3197 sua
1150 3131 1325 3195 incolumes
1350 3133 1451 3211 atque

221 3238 406 3303 honestatos
435 3239 595 3317 viderent,
628 3232 746 3305 invidia
775 3241 909 3323 odioque
937 3240 1214 3323 persequerentur.
1259 3237 1308 3300 Dc
1338 3236 1451 3301 farore

221 3345 296 3421 ullo,
321 3364 417 3426 quem
440 3348 679 3428 erumpentibus
701 3348 921 3430 praestiterint
943 3348 977 3411 in
1000 3347 1112 3418 castris
1140 3345 1323 3420 manentes,
1358 3336 1451 3407 nullo

221 3451 315 3515 modo
346 3452 460 3532 agitur.
505 3451 603 3516 Patet
631 3454 731 3535 igitur
762 3455 968 3537 scripturam,
1004 3453 1106 3535 qualis
1136 3451 1258 3514 tradita
1287 3451 1352 3526 est,
1387 3448 1453 3512 nisi

222 3559 421 3638 torqueatur,
444 3559 568 3622 nullam
591 3558 656 3623 fere
679 3561 795 3625 habere
820 3560 1050 3625 difficultatem.

313 3671 371 3741 60,
406 3672 449 3730 25
479 3664 516 3727 ta
545 3668 653 3729 cedro
683 3668 811 3731 auctore
833 3667 970 3731 Luchsio
993 3667 1066 3730 er.
1112 3684 1183 3729 cum
1211 3663 1249 3725 cr
1276 3664 1387 3725 astra
1413 3660 1451 3724 P.

221 3774 288 3835 tum
310 3770 348 3833 tn
370 3774 478 3835 costm
501 3772 571 3835 edd.
593 3773 698 3838 Facile
722 3793 793 3837 com
816 3793 854 3838 er
875 3775 1050 3856 propinquo
1071 3772 1139 3836 loco
1161 3768 1368 3849 immigrarit,
1390 3785 1452 3831 nec

222 3878 368 3943 convenit
389 3878 424 3941 in
446 3881 514 3941 tum
536 3880 671 3958 mutare,
695 3880 759 3945 sive
782 3899 840 3963 per
863 3898 897 3944 se
916 3880 976 3943 hoc
991 3879 1194 3943 enuntiatum
1209 3874 1452 3939 consideramus

222 3985 287 4049 sire
312 4004 385 4050 cum
409 3986 555 4068 sequenti
578 4004 809 4069 comparamus.
856 3985 957 4068 Saepe
982 3984 1110 4066 quidem
1133 3980 1278 4065 apodosis
1301 3982 1371 4042 tam
1395 3998 1452 4062 ap·

221 4091 323 4173 posito
348 4091 507 4170 definitur,
530 4092 588 4156 sed
610 4092 666 4170 ita,
688 4095 734 4171 ut,
758 4091 834 4174 quid
856 4090 1055 4174 pertentare
1078 4087 1281 4163 secundaria,
1316 4087 1351 4149 et
1380 4085 1451 4166 qui-

223 4196 296 4261 dem
319 4198 390 4260 tum
414 4196 559 4275 demum,
590 4201 758 4279 sequatur,
786 4198 929 4275 denotet,
963 4198 1052 4262 velut
1074 4196 1108 4259 in
1130 4196 1190 4258 hoc
1212 4193 1292 4257 libro
1315 4211 1343 4255 c.
1367 4200 1404 4269 6,
1429 4198 1449 4255 9

223 4305 256 4367 et
278 4311 330 4381 43,
356 4312 384 4369 r.
409 4310 460 4381 21,
485 4311 535 4381 11,
559 4312 589 4369 s.
