3200 4859
220 338 242 385 x
720 340 944 389 raonaeonual
1055 318 1057 321 ’

220 493 288 557 loeo
304 493 434 558 Liviana
460 501 511 571 27,
538 503 586 571 14,
611 502 630 561 5
655 512 751 577 supra
774 492 914 570 laudato,
937 492 992 555 ubi
1016 492 1043 556 si
1065 492 1223 575 Hispanos
1248 494 1329 557 solos
1352 495 1448 559 robur

221 600 377 663 exereitus
399 601 589 679 nominavit,
624 601 727 665 multo
756 601 860 681 magis
890 600 923 663 id
951 600 985 662 in
1007 598 1166 683 Hispanos
1192 602 1224 664 et
1245 600 1338 665 Afros
1360 602 1447 666 valet

220 723 283 770 non
307 706 376 770 aliis
400 707 565 772 adiuuetis.
796 698 810 717 ⁶

313 820 342 889 2,
367 822 385 878 6
409 833 509 893 aeque
532 817 591 877 oid
614 813 746 877 oonieoit
768 812 961 889 Perizonius,
983 812 1111 893 seripsit
1125 812 1182 889 He,
1204 831 1261 875 iseo
1283 816 1342 875 out
1362 813 1447 877 an

223 928 257 1010 1,
287 919 364 1000 Mvg
386 921 453 983 rell.
499 923 557 983 out
578 920 629 984 Po
654 919 724 983 edd.
749 921 823 984 ante
845 919 939 983 an.
985 919 1035 983 Ad
1058 923 1116 982 aiat
1211 922 1270 981 eut
1298 938 1336 983 ex
1357 939 1448 1002 prae·

221 1024 406 1089 cedentibus
429 1044 530 1105 oeque
552 1027 681 1090 tantum
704 1026 872 1107 cogitando
887 1026 1093 1108 repetendam
1108 1025 1241 1089 eandem
1256 1027 1448 1107 particulam

220 1134 393 1213 negantem
417 1135 611 1196 eensuerunt
624 1132 743 1209 Stroth,
766 1134 857 1214 Rup,
881 1132 943 1211 alii,
968 1132 1044 1213 quia
1066 1136 1125 1194 aad
1145 1134 1219 1215 post
1240 1151 1340 1212 aeque
1363 1132 1446 1215 (nee)

222 1238 404 1319 saepissime
436 1258 493 1322 pro
523 1258 624 1319 aeque
652 1241 824 1321 poneretur
853 1239 1025 1321 (Deering).
1076 1243 1135 1301 oret
1163 1258 1297 1319 corpore
1326 1238 1447 1302 oreimis

221 1345 280 1408 oet.
305 1346 350 1408 sio
374 1346 555 1427 exponenda
579 1364 647 1409 esse
672 1347 717 1409 ait
741 1344 877 1422 Crevier,
901 1346 993 1427 quasi
1014 1346 1157 1426 legatur:
1181 1346 1294 1427 Neque
1317 1364 1448 1429 corpora

217 1450 337 1514 animis
361 1469 464 1531 neque
489 1452 610 1514 animos
635 1469 689 1533 spe
713 1451 925 1514 sustinebant.

311 1563 340 1632 2,
364 1564 383 1621 8
408 1576 496 1637 oque
519 1576 536 1621 e
560 1558 637 1622 ooni.
653 1558 774 1621 linolrii
788 1557 866 1638 Mvg
890 1566 919 1620 1.
941 1559 1009 1621 rell.
1032 1576 1137 1637 epicos
1159 1557 1272 1640 (eques
1293 1558 1446 1640 sarsinas)

220 1659 248 1724 P
278 1661 347 1725 edd.
379 1665 453 1727 ante
476 1663 561 1745 Mvg.
608 1663 723 1729 Omnia
754 1664 970 1728 obtinentibus
1000 1664 1092 1745 aquis
1120 1663 1201 1727 nihil
1228 1664 1380 1727 nimirum
1414 1665 1449 1728 in

222 1785 322 1848 aquas
347 1769 455 1833 ooniiei
480 1772 537 1834 aut
561 1771 717 1834 oumulari
740 1771 875 1852 poterat,
898 1770 954 1833 sed
979 1788 1059 1851 quae
1083 1771 1175 1834 erant
1196 1769 1338 1852 ineque,
1360 1771 1447 1835 inea

190 1892 195 1895 ·
222 1875 477 1938 aemulabantur.

315 1988 344 2057 2,
369 1989 386 2045 9
413 1984 471 2043 oet
493 1981 707 2044 iumentorum
730 1981 845 2057 Hertz,
878 1981 969 2061 Mvg,
992 1980 1077 2057 Wln,
1099 1979 1185 2044 an
1208 1987 1237 2057 6,
1260 1981 1354 2056 Rmn,
1376 1981 1449 2043 llllr,

221 2084 492 2150 IemeatoramP
522 2087 591 2150 edd.
623 2088 695 2151 ante
719 2086 901 2163 Hertzium,
935 2088 1009 2169 post
1032 2087 1107 2168 Tkg.
1151 2086 1221 2150 Hoe
1249 2088 1319 2150 loeo
1343 2087 1449 2168 agitur

223 2192 261 2255 de
287 2191 401 2269 Gallis,
437 2212 574 2274 quorum
597 2193 651 2257 alii
675 2194 815 2257 aaroinas
838 2193 871 2255 in
895 2211 979 2274 aqua
995 2194 1224 2270 oumulabant,
1259 2194 1374 2274 quibus
1401 2194 1450 2256 in-

223 2300 417 2377 oumberent,
441 2300 495 2363 alii
517 2299 859 2382 iumentis-prostratis
882 2318 939 2382 pro
962 2299 1118 2364 eubilibus
1140 2300 1323 2363 utebantur.
1367 2300 1450 2363 Tum

221 2406 364 2471 illitum
386 2406 420 2470 hi
442 2398 523 2470 nihil
546 2407 646 2483 aliud,
676 2406 739 2471 nisi
763 2407 848 2488 quod
872 2426 911 2470 ex
933 2425 1018 2488 aque
1038 2408 1210 2483 emineret,
1246 2407 1450 2487 quaerebant.

224 2510 298 2575 Vid.
321 2512 430 2594 Polyb.
455 2522 483 2589 3,
509 2522 559 2589 79,
585 2522 634 2578 10.

314 2626 348 2695 3,
384 2627 402 2683 9
433 2618 540 2681 iratus
568 2618 638 2682 odd.
668 2618 736 2682 edd.
765 2620 859 2680 ratres
888 2617 954 2681 eod.
977 2616 1066 2681 Harl.
1082 2635 1268 2696 proponens
1290 2616 1397 2682 iratus
1422 2628 1450 2683 1.
1582 2639 1599 2662 Ν

224 2724 368 2804 aliaeque
391 2742 510 2806 pauoae
534 2726 610 2789 vett.
657 2723 749 2803 Quod
773 2724 815 2787 ad
836 2717 977 2806 pronime
1001 2724 1168 2805 sequentia
1187 2724 1339 2807 pertinet.

311 2828 358 2893 Ib.
382 2830 620 2908 proaaietiees,
657 2829 743 2911 Quiri
771 2829 869 2892 immo
892 2830 1013 2911 seripsi.
1058 2847 1129 2892 eam
1153 2829 1249 2893 immo
1271 2830 1334 2896 PC.
1379 2852 1450 2895 esau

225 2934 360 2999 dedisset
383 2937 448 3000 eod.
464 2936 552 2999 Harl.
570 2935 659 3017 Quia
673 2936 768 2998 immo
793 2945 821 2999 1.
860 2934 1039 3015 proposuit.
1089 2935 1181 3015 Quia
1203 2936 1345 3001 immori
1379 2940 1450 3002 Aeo.

224 3042 309 3123 Mvg.
331 3043 402 3106 Ald.
427 3042 498 3108 Sob.
524 3043 620 3125 Gryn.
645 3041 738 3106 Grut.
769 3041 864 3107 Gron.
891 3042 987 3105 Drak.
1019 3042 1087 3119 SD,
1120 3043 1203 3120 Blm,
1239 3044 1333 3107 Tauo.
1379 3062 1450 3106 eene

225 3147 367 3225 dedisset,
391 3148 494 3213 Immo
513 3150 579 3214 Als.
602 3148 668 3227 ΡΗ,
690 3148 784 3227 an,
807 3150 892 3212 Wln.
938 3168 1009 3212 eam
1024 3149 1251 3228 proposuisset,
1274 3145 1377 3211 Immo
1393 3149 1450 3226 ΗΖ,

224 3256 309 3337 Mvg,
333 3256 408 3337 llig,
431 3257 525 3333 Rmn,
548 3256 621 3318 Ml.
705 3295 709 3301 -
1154 3343 1155 3346 Ἴ

313 3362 375 3425 Pro
400 3380 435 3424 so
459 3362 572 3441 igitur,
601 3361 685 3441 quod
709 3362 886 3442 antiquitus
909 3363 943 3425 in
966 3360 1036 3425 edd,
1059 3360 1109 3423 est
1131 3358 1225 3438 puio,
1259 3360 1331 3425 libri
1352 3381 1453 3426 manu

226 3468 335 3549 seripti
358 3486 429 3529 eum
451 3468 620 3549 praebent,
649 3469 746 3549 atque
770 3468 896 3532 omnino
920 3470 953 3531 et
975 3466 1056 3546 quia
1078 3467 1112 3529 et
1134 3484 1207 3529 eam
1228 3468 1324 3532 variis
1347 3470 1453 3531 muta»
1514 3558 1518 3562 ‚
1598 3532 1599 3540 ,

225 3574 364 3637 tionibus
389 3573 527 3637 obnoxia·
543 3572 674 3637 fuerunt
699 3573 772 3656 (vid.
797 3592 893 3656 supra
917 3573 957 3636 ed
983 3583 1010 3649 1,
1035 3572 1084 3653 1):
1108 3590 1350 3654 nonnumquam
1372 3572 1453 3652 quie

225 3680 259 3742 in
282 3678 340 3759 qai
362 3680 415 3743 vel
437 3700 497 3759 que
520 3680 606 3757 abiit,
628 3680 667 3744 ut
691 3688 742 3757 27,
765 3689 819 3758 49,
843 3690 861 3745 9
886 3699 945 3760 que
959 3680 1122 3758 supersint
1145 3679 1269 3763 (nempe
1285 3678 1452 3759 delerique,

225 3786 281 3849 ubi
308 3787 471 3869 praeeedit
500 3786 611 3869 deteri)
644 3806 700 3870 pro
731 3786 812 3867 quiri
839 3785 1004 3865 superstit
1038 3787 1193 3869 seriptum
1227 3773 1295 3849 esse
1329 3787 1452 3867 primus

225 3893 382 3957 intellexit
413 3892 606 3971 Gronovius,
640 3893 696 3956 ubi
725 3893 779 3957 alii
808 3893 904 3957 multi
934 3893 1017 3956 hano
1046 3893 1237 3974 particulam
1272 3895 1454 3976 eorruptam

225 3998 394 4063 eieoerunt.
428 4000 551 4064 Eadem
574 4000 613 4077 vi,
638 4018 701 4081 qua
723 4000 792 4075 hoo,
816 4000 871 4079 qui
893 3991 994 4075 adest,
1016 4000 1093 4076 loeo,
1117 4018 1210 4080 saepe
1233 3999 1357 4063 aLivio
1374 4000 1455 4081 quie

225 4108 409 4186 usurpatur,
433 4108 470 4168 ut
496 4116 523 4183 1,
547 4112 599 4183 45,
624 4114 659 4180 6;
684 4114 735 4181 57,
760 4114 789 4169 7.
814 4114 842 4182 7,
867 4112 918 4181 40,
943 4113 994 4170 18.
1023 4113 1052 4181 8,
1077 4112 1128 4181 32,
1152 4114 1181 4169 6.
1212 4112 1240 4181 9,
1266 4114 1316 4182 10,
1341 4117 1378 4180 7,
1404 4117 1454 4183 11,

228 4218 264 4284 2;
294 4218 344 4287 18,
370 4220 420 4275 11.
453 4219 503 4289 27,
527 4219 578 4289 26,
604 4220 654 4277 10.
699 4212 759 4275 Est
782 4212 911 4293 quidem
933 4211 1058 4293 proprie
1081 4211 1346 4292 interrogativum
1369 4213 1401 4296 (i.
1425 4229 1454 4293 q.

227 4334 284 4380 our
306 4320 397 4400 non),
422 4321 495 4381 tum
517 4337 591 4382 vero
620 4320 837 4397 hortativum,
870 4321 902 4383 et
926 4318 1055 4399 quidem
1078 4336 1153 4381 oum
1176 4318 1247 4382 aliis
1271 4320 1348 4383 loeis
1383 4321 1454 4382 tum
