3200 4859
228 318 307 367 XXIV
729 321 954 370 Pnouuccunul

229 470 306 534 deae
329 470 583 553 haudquaquam
598 470 765 537 Flauiau'i
788 471 1032 555 Seuquoao'iquo
1053 473 1190 539 amitus
1235 477 1307 541 Nisi
1329 478 1461 545 fallacia

229 596 268 642 cx
298 578 498 661 apertissima
528 580 685 663 scriptura
715 577 902 661 Sempronio
930 601 994 645 non
1022 583 1060 645 fit
1088 580 1280 668 Sempronii.
1324 587 1372 649 Ex
1400 587 1460 650 Al-

231 684 379 749 schefskii
403 686 570 750 collatione
594 688 719 751 rectum
742 688 890 768 cognosci
911 690 1048 770 poterat.
1092 688 1226 754 Dixerat
1248 692 1302 755 ille
1326 694 1457 773 quidem

231 792 386 874 scriptum
408 810 477 856 esse
500 791 583 856 inP
618 812 660 857 m.
691 802 719 857 1.
762 792 1163 875 flaminiamquoatoque,
1199 814 1309 878 seque,
1338 819 1411 863 curn
1439 821 1461 864 s

231 916 269 963 ex
292 898 403 963 cadem
426 900 573 981 sequenti
595 900 704 964 littera
725 900 905 983 profectum
929 920 997 967 esse
1021 904 1136 984 posset,
1159 903 1211 966 vix
1234 904 1458 971 dubitaturum

230 1004 344 1082 fuisse,
375 1005 451 1086 quin
472 1004 603 1085 stautai
627 1025 645 1070 a
667 1007 755 1071 Livio
780 1008 936 1091 scriptum
959 1010 1061 1085 esset,
1085 1010 1170 1086 „nisi
1191 1010 1256 1073 iam
1277 1031 1320 1074 11.
1345 1022 1373 1076 1.
1394 1012 1460 1092 fla-

231 1111 332 1175 miao‘o
355 1112 551 1177 restituisset
573 1132 632 1177 nec
655 1114 894 1194 sempronioque
917 1117 1136 1195 sequeretur“.
1170 1118 1217 1179 Ac
1239 1120 1325 1181 recte
1346 1120 1461 1185 retulit

230 1217 380 1298 staminio
404 1238 473 1285 esse
497 1220 700 1303 scriptionem
722 1241 765 1285 11.
790 1230 818 1284 1.
841 1222 1043 1299 restitutam,
1074 1222 1157 1303 quod
1181 1225 1214 1286 et
1243 1242 1300 1305 ego
1330 1225 1395 1288 vidi
1424 1225 1460 1290 et

231 1326 413 1409 nuperrime
431 1326 464 1391 Ο.
486 1326 657 1391 Wahlund.
702 1328 837 1391 Inducto
862 1328 947 1392 enirn
970 1348 988 1391 s
1011 1328 1095 1409 quod
1118 1348 1215 1411 supra
1238 1331 1461 1414 scriptumest

232 1431 374 1496 oforma
397 1434 518 1496 usitata
541 1432 647 1515 prodit
668 1433 774 1515 ipsum
804 1434 985 1511 librarium,
1020 1437 1116 1515 atque
1147 1437 1184 1499 ut
1213 1438 1355 1519 superior
1384 1458 1460 1521 pars

234 1540 386 1620 quattuor
408 1538 590 1603 litterarum
612 1540 753 1621 proxime
776 1541 1036 1622 praecedentium
1052 1542 1155 1606 colore
1171 1544 1235 1606 iam
1252 1546 1302 1608 est
1317 1545 1461 1624 evanido,

234 1646 279 1709 sic
303 1645 400 1709 ctiam
422 1645 503 1710 illud
526 1663 551 1708 o.
585 1645 673 1709 Adeo
693 1644 844 1725 staminio
866 1651 940 1711 1111
960 1648 1056 1711 huius
1072 1648 1187 1713 codicis
1203 1668 1277 1714 vera
1293 1654 1343 1715 est
1358 1653 1464 1730 lectio,

233 1753 305 1816 tum
328 1753 531 1834 reliquorum,
556 1753 713 1833 quotquot
735 1753 805 1817 noti
828 1755 913 1816 sunt.

321 1858 486 1923 Docebant
509 1859 710 1939 grammatici
733 1861 856 1924 veteres
886 1854 1042 1923 adiecirva
1065 1862 1287 1926 similitudinis
1316 1864 1462 1928 dativum

235 1982 360 2047 regere,
395 1984 469 2028 curn
492 1964 532 2028 ad
556 1964 693 2046 speciem
715 1965 930 2045 figuramque,
964 1964 1155 2044 genitivum,
1189 1985 1264 2028 cum
1294 1968 1334 2029 ad
1356 1988 1463 2033 mores

234 2072 461 2153 ingeniumque
483 2070 694 2148 referrentur,
724 2070 779 2133 sed
803 2070 868 2134 sive
893 2069 1075 2134 Ciceronem
1099 2070 1295 2133 consulimus
1319 2072 1463 2137 111111-

235 2178 338 2255 vium,
368 2179 574 2259 praeceptum
597 2177 677 2241 iHud
700 2177 792 2241 valde
815 2176 987 2241 infractum
1009 2176 1205 2240 invenimus:
1240 2179 1278 2241 ut
1307 2177 1391 2241 enim
1421 2178 1462 2241 de

235 2284 354 2349 formae
380 2284 586 2349 similitudine
610 2285 768 2367 genitivus
793 2302 919 2366 quoque
947 2284 981 2347 in
1010 2302 1072 2346 usu
1096 2285 1146 2347 est
1169 2283 1254 2365 apud
1278 2282 1463 2348 Ciceronem

237 2391 289 2475 (N.
313 2392 342 2453 d.
368 2400 395 2468 1,
419 2399 459 2457 27
483 2390 537 2455 fin.
560 2392 635 2456 deos
657 2392 824 2456 hominurn
840 2391 959 2455 similes
982 2392 1179 2473 putaremus,
1202 2390 1244 2455 ib.
1274 2399 1303 2467 1,
1327 2398 1368 2455 32
1392 2409 1463 2453 rna-

235 2498 297 2561 luit
312 2498 468 2581 Epicurus
492 2497 567 2562 deos
589 2499 755 2562 hominum
779 2498 899 2562 similes
920 2497 1022 2562 dicere
1045 2516 1143 2577 quam
1158 2497 1302 2560 homines
1318 2497 1462 2575 deorum,

237 2604 302 2669 Pis.
332 2612 373 2670 38
410 2606 552 2667 statuam
586 2604 680 2668 istius
713 2604 908 2687 persimilem
943 2602 1142 2683 deturbant),
1178 2602 1223 2666 sic
1252 2602 1392 2667 vicissim
1423 2603 1463 2667 de

239 2710 444 2777 similitudine
468 2729 594 2774 morum
619 2709 739 2773 aLivio
764 2709 890 2773 dativus
914 2726 1007 2790 saepe
1030 2708 1222 2791 usurpatur:
1246 2709 1337 2773 cuius
1360 2710 1407 2773 rei
1429 2711 1464 2773 in

238 2819 360 2901 Epileg.
384 2817 499 2881 11111.
522 2816 554 2892 I,
583 2835 613 2898 p.
646 2824 686 2881 18
711 2816 854 2897 exempla
877 2814 973 2878 attuli
997 2823 1026 2890 1,
1050 2822 1100 2890 22,
1125 2822 1154 2877 2.
1185 2822 1214 2891 3,
1239 2821 1294 2892 85,
1319 2824 1347 2881 9.
1374 2824 1411 2892 4,
1435 2824 1467 2893 3,

241 2932 297 3000 16;
329 2934 357 3001 9,
381 2932 410 2989 8.
442 2930 552 3000 111,
578 2931 596 2987 3
622 2923 714 2997 114;
746 2929 850 2997 36,1.
896 2919 1018 2998 Quibus
1043 2919 1187 2984 addenda
1210 2921 1290 2985 haec
1313 2922 1405 2985 sunt:
1437 2929 1467 2998 1,

239 3036 292 3109 47,
317 3038 335 3097 5
359 3030 452 3094 fratri
475 3028 607 3093 similior
629 3046 727 3111 quam
749 3028 842 3112 patri,
867 3038 896 3104 7,
920 3035 971 3105 14,
995 3035 1013 3091 2
1039 3046 1121 3109 quae
1145 3026 1343 3111 (multitudo)
1366 3026 1467 3090 ferme

242 3138 424 3203 auctoribus
448 3136 560 3201 similis
585 3137 682 3213 esset,
713 3142 747 3212 9,
779 3143 837 3211 18,
868 3142 887 3200 3
918 3132 981 3213 Qui
1004 3134 1206 3217 (Alexander)
1230 3134 1257 3196 si
1286 3151 1324 3195 11
1352 3132 1467 3197 habitu

240 3264 339 3311 novae
369 3244 515 3308 fortunae
545 3243 680 3324 novique
714 3242 834 3323 ingenii
868 3243 1044 3324 spectetur,
1078 3240 1181 3303 Dareo
1215 3238 1318 3319 magis
1354 3238 1468 3302 similis

242 3370 339 3433 quam
361 3349 540 3413 Alexandro
563 3348 596 3411 in
618 3347 748 3410 Italiam
770 3347 919 3422 venisset,
943 3354 1001 3422 39,
1031 3353 1088 3422 15,
1119 3352 1137 3409 9
1162 3344 1317 3408 simillimi
1339 3344 1467 3408 feminis

241 3474 363 3533 marea,
397 3462 456 3532 44,
485 3462 522 3531 4,
553 3463 571 3518 9
601 3453 729 3516 hostem
759 3452 896 3515 similem
926 3452 1066 3532 antiquis
1090 3450 1303 3514 Macedonum
1329 3452 1468 3533 regibus.

244 3561 444 3627 0111111111
469 3544 597 3641 quidem
619 3558 672 3623 hic
695 3561 727 3623 et
751 3558 829 3622 alias
851 3576 1093 3637 nonnumquam
1116 3557 1157 3640 (v.
1180 3577 1205 3622 c.
1228 3566 1259 3635 4,
1283 3566 1312 3635 3,
1337 3559 1391 3640 17)
1415 3558 1471 3621 da·

242 3669 327 3733 tivus
350 3667 420 3744 fuit,
443 3667 498 3731 ubi
522 3666 618 3730 series
639 3665 828 3748 praesertim
844 3664 1055 3746 genitivorum
1070 3663 1287 3729 molestiorem
1301 3664 1470 3728 habuisset

243 3794 371 3852 sonum,
400 3775 510 3838 tamen
538 3791 579 3835 ne
609 3772 654 3836 sic
677 3770 806 3853 quidem
828 3771 856 3835 is
880 3789 973 3835 casus
997 3770 1156 3834 admissus
1180 3771 1280 3847 esset,
1308 3770 1371 3833 nisi
1394 3788 1468 3835 oum

241 3903 304 3948 usu
342 3880 504 3947 communi
544 3880 733 3944 conveniret.
789 3878 905 3959 Itaque
941 3896 1006 3942 non
1042 3876 1257 3953 satisfaciunt,
1297 3894 1377 3957 quac
1413 3876 1471 3939 dat

242 3988 402 4052 Woelfflin
417 3988 538 4051 Liviau.
560 3986 644 4049 Krit.
666 4004 697 4068 p.
722 3992 781 4051 15:
805 3985 845 4048 In
859 3984 1099 4065 Vengleichung
1121 4001 1183 4046 von
1197 3981 1358 4046 Personen
1381 3982 1471 4045 steht

243 4096 299 4159 der
327 4095 439 4171 Dativ,
468 4112 514 4157 vvo
544 4111 605 4157 von
634 4092 719 4156 einer
744 4091 891 4155 dulseren
914 4082 1117 4154 1111111111
1141 4088 1191 4151 die
1213 4087 1301 4151 Redc
1323 4088 1383 4162 ist;
1417 4087 1470 4151 bei

241 4192 949 4277 1111111111111111111111111111111111
973 4195 1116 4271 (lenitiv,
1150 4193 1252 4256 findet
1282 4193 1349 4257 sich
1373 4194 1470 4257 alleiu

243 4304 419 4391 gebrauoht
441 4306 492 4371 111
515 4304 576 4369 den
599 4303 790 4368 Pronomina
812 4302 886 4381 mei,
908 4302 972 4380 tui,
1004 4301 1054 4365 sui
1077 4300 1135 4364 cet.
1182 4298 1317 4363 Constat
1342 4300 1376 4362 in
1398 4318 1473 4382 pro·
