3200 4859
238 1245 308 1325 Quo
331 1248 472 1329 tempore
494 1246 611 1310 librum
626 1245 707 1309 Livii
730 1246 868 1309 alterum
890 1246 923 1308 et
944 1245 1138 1323 vicesimum,
1163 1265 1258 1327 quem
1278 1249 1373 1312 antea

151 1352 331 1417 Stocolmae
354 1352 522 1430 edideram,
545 1353 630 1435 typis
648 1351 803 1416 Gothanis
819 1351 1017 1416 emendatius
1033 1352 1241 1435 repetendum
1264 1372 1373 1418 recen-

149 1459 266 1535 sebam,
290 1458 328 1522 de
353 1460 510 1541 scriptura
533 1459 716 1523 etiamnunc
745 1458 778 1521 in
807 1458 1054 1522 controversiam
1076 1461 1189 1523 vocata
1212 1478 1372 1525 commen-

147 1566 286 1629 tationes
310 1564 495 1647 conseripsi‚
527 1582 606 1645 quas
636 1564 701 1628 iam
730 1565 818 1645 prelo
842 1565 1042 1628 subiecturus
1065 1583 1168 1647 pauca
1190 1565 1307 1630 addam
1331 1567 1372 1631 ad

149 1690 201 1749 aa,
237 1690 317 1752 quae
346 1671 379 1734 in
401 1670 635 1754 Epilogomenis
660 1668 701 1732 ad
720 1668 753 1731 T.
775 1669 856 1731 Livii
878 1670 995 1732 librum
1024 1670 1210 1735 vicesimum
1233 1672 1373 1754 primum

147 1778 182 1840 in
205 1777 372 1841 annalibus
396 1776 614 1841 universitatis
637 1776 812 1839 litterariae
827 1775 1026 1858 Upsaliensis
1050 1778 1272 1842 anniversariis
1296 1782 1371 1843 ante

147 1884 228 1947 duos
252 1876 458 1947 annosiores
481 1882 565 1946 datis
587 1881 751 1966 praefatus
775 1900 857 1946 sum.
887 1881 1086 1946 Pnteaneum
1110 1884 1195 1948 enim
1219 1884 1370 1962 codicem,

147 2010 243 2073 quam
267 1991 371 2054 solum
394 1990 427 2053 in
449 1982 509 2054 hoc
530 1990 609 2054 libro
633 1990 700 2071 ipse
717 1989 844 2065 contuli,
867 1989 1084 2054 certissimum
1099 1989 1216 2054 ducem·
1229 1992 1369 2068 secutus,

143 2097 199 2162 ubi
222 2116 296 2161 cum
319 2114 354 2161 co
378 2098 441 2160 aut
456 2096 540 2160 inter
563 2115 603 2160 se·
619 2096 800 2179 discrepant
822 2095 916 2159 hodic
938 2096 1059 2160 iudices
1082 2096 1199 2173 critici,
1228 2097 1366 2161 varieta-

146 2206 214 2268 tem
236 2202 426 2279 lectionum‚
463 2220 543 2284 quae
575 2202 703 2282 quidem
725 2202 759 2264 in
781 2201 942 2283 praesenti
963 2202 1010 2265 rei
1033 2203 1122 2264 statu
1146 2202 1279 2265 alicuius
1303 2221 1371 2266 mo-

147 2309 249 2373 menti
272 2309 389 2384 essent,
411 2326 476 2371 una
499 2325 572 2371 cum
596 2308 754 2389 scriptura
777 2300 961 2371 codicum'O
986 2308 1019 2370 et
1033 2306 1071 2369 M
1085 2308 1181 2388 atquc
1197 2304 1373 2371 editionum

145 2416 387 2499 praecipuarum
409 2414 474 2478 iam
496 2412 569 2477 inde
593 2413 632 2476 ab
656 2411 889 2494 antiquissimis
912 2411 1143 2495 exemplaribus
1158 2412 1317 2495 prolatam
1339 2413 1373 2477 in

145 2542 208 2587 uno
233 2523 404 2605 conspectu
426 2520 525 2604 posui,
550 2518 689 2601 quidque
713 2519 751 2583 de
776 2518 910 2600 singulis
933 2520 1028 2582 rebus
1050 2517 1241 2596 iudicaram,
1272 2538 1372 2583 enun-

145 2628 231 2692 tiavi.
275 2628 314 2692 In
336 2628 404 2711 ipso
432 2628 582 2692 conten-tn
604 2626 736 2690 Liuiano
766 2625 922 2690 exarando
946 2626 1227 2708 orthographiam
1250 2626 1373 2690 incluta

146 2734 274 2799 officina
292 2735 325 2797 in
348 2752 443 2798 usum
466 2736 595 2817 recepta
619 2733 746 2798 omnino
768 2732 849 2795 mihi
872 2751 929 2815 pro
952 2750 1068 2796 norma·
1087 2731 1164 2809 init,
1189 2731 1314 2795 etiamsi
1337 2732 1371 2795 in

146 2840 383 2906 commentariis
408 2859 427 2903 a
450 2840 645 2904 contractius
670 2839 827 2904 scribendi
858 2839 1086 2903 consuetudine
1110 2837 1234 2901 mediae
1257 2837 1372 2902 aetatis

145 2948 313 3031 paululum
335 2946 468 3020 reoessi;
491 2964 594 3026 neque
617 2948 727 3010 tamen
749 2945 869 3022 dubito,
893 2945 971 3025 quin
994 2944 1054 3008 bac
1076 2944 1110 3007 in
1125 2962 1159 3006 re
1175 2944 1256 3006 ratio
1275 2959 1372 3025 quae-

146 3055 221 3118 d'am
244 3054 285 3119 ad
307 3053 452 3135 regulam
476 3053 667 3131 exaequata,
698 3052 725 3114 si
747 3051 856 3133 perfici
877 3051 996 3131 possit,
1026 3050 1145 3133 gratior
1169 3050 1211 3111 sit
1239 3049 1373 3129 legenti-

146 3162 206 3224 bus
231 3179 329 3242 quam
351 3158 564 3223 inconstantia
587 3158 733 3221 veterum
755 3156 958 3219 librariorum
989 3154 1096 3217 servili
1118 3153 1297 3217 imitatione
1321 3173 1374 3218 ex-

145 3282 265 3350 pressa.
298 3265 602 3330 Recentissimorum
624 3282 693 3327 mos
718 3264 767 3327 est
783 3262 950 3338 editorum,
972 3263 1019 3337 ut,
1043 3260 1070 3323 si
1086 3259 1163 3341 qnid
1178 3260 1373 3324 exoratione

146 3372 294 3437 contexta
316 3372 540 3436 removendum
563 3372 723 3447 aenaeam,
745 3368 778 3432 id
800 3386 864 3431 non
887 3366 1022 3444 eliciant,
1045 3365 1101 3430 sed
1123 3384 1180 3430 suo
1195 3367 1263 3431 loco
1281 3366 1373 3448 quasi

144 3478 245 3541 fixum
268 3477 300 3539 et
324 3475 436 3539 stabile
460 3478 549 3555 uncis
573 3476 752 3552 includant,
787 3476 884 3555 atque
913 3473 947 3536 in
977 3472 1208 3555 supplementis
1224 3473 1282 3561 ¹uel
1304 3492 1375 3537 ver·

145 3585 259 3648 borum
281 3583 333 3646 vel
355 3582 496 3665 partium
519 3584 688 3647 verborum
713 3582 782 3645 aliis
806 3581 941 3644 utantur
963 3579 1145 3643 litterarum
1160 3578 1288 3643 formis:
1311 3579 1373 3644 hoo

147 3708 220 3754 vero
255 3689 288 3752 in
323 3688 362 3753 iis
396 3689 585 3771 praesertim
618 3688 723 3764 libris,
758 3688 813 3768 qui
842 3687 1044 3768 potissimum
1071 3685 1104 3748 in
1133 3704 1229 3749 usum
1253 3685 1376 3749 schola

145 3814 219 3858 rum
241 3796 455 3877 iuvenumque
478 3794 698 3877 publicantur,
727 3810 791 3856 non
820 3810 948 3856 necesse
979 3810 1048 3855 csse
1078 3791 1217 3868 videtur,
1251 3790 1313 3853 nisi
1344 3791 1374 3854 si

147 3900 273 3982 quando
297 3902 448 3966 audacius
473 3900 592 3983 aliquid
616 3902 711 3981 atque
734 3899 916 3963 inauditnm
940 3898 1087 3962 additum
1110 3900 1176 3961 est:
1199 3899 1271 3960 tum
1288 3896 1374 3961 anim

145 4006 327 4086 indemnis
350 4008 521 4072 sarciendis
544 4010 615 4071 tum
638 4006 671 4070 in
701 4005 999 4088 interpolationibus
1029 4003 1229 4067 secemendis
1259 4020 1310 4064 res
1339 4002 1375 4064 in

145 4114 349 4191 advertitur,
372 4117 410 4177 ut
433 4114 594 4178 sufficiens
617 4113 698 4177 ratio
722 4112 883 4188 reddatur,
907 4109 991 4191 quod
1013 4127 1077 4172 non
1091 4108 1211 4172 notulis
1228 4106 1374 4171 efficitur.

144 4218 258 4300 Nugae
281 4220 449 4283 verborum
473 4222 512 4285 ab
536 4219 744 4285 oscitantibus
760 4217 899 4283 librariis
915 4214 1015 4280 semel
1029 4215 1149 4278 inlatae
1166 4215 1193 4277 si
1208 4214 1240 4275 in
1258 4229 1373 4274 aevum

144 4326 300 4408 repetitae
323 4326 498 4407 legentium
521 4326 693 4405 unicuique
716 4324 926 4388 inclementer
956 4322 1031 4383 ante
1064 4320 1171 4382 oculos
1200 4317 1373 4398 ponuntur,

708 4438 927 4533 266419
1120 4422 1160 4474 1*
