3200 4859
240 279 310 333 XXII
740 280 963 329 Psouuoooreo‘a

241 452 316 501 vam
347 434 528 517 servatam).
579 434 625 499 sie
654 432 748 497 eelim
776 454 908 514 eruntque
936 432 1062 497 salvam
1087 436 1262 498 seroooem't
1294 436 1361 500 odd.
1390 437 1475 500 33333

239 538 343 617 eelim,
367 559 437 606 eom
458 539 584 605 sabam
606 540 782 605 servaverit
807 551 835 605 1.
859 549 889 605 3
911 542 983 605 Aso.
1006 540 1056 603 Al.
1077 541 1162 603 sieut
1183 540 1278 605 aelim
1301 563 1380 619 eom,
1404 542 1471 607 sal·

240 650 317 709 outo
339 666 432 710 sevon
454 647 517 711 erit
530 647 601 713 Ald.
625 648 671 730 (et
695 648 787 711 simia
810 646 968 729 Juntina).
1009 647 1112 725 „Mihi
1135 649 1305 729 vulgatum
1327 650 1471 714 nondum

241 752 423 839 displicet“‚
458 754 554 820 Drak.
606 754 829 830 „Emendandi
858 754 1011 831 rationes,
1048 773 1123 817 oum
1157 774 1256 819 vanae
1292 757 1372 833 sint,
1405 776 1468 821 non

241 861 529 937 eommemorabo“,
554 860 674 925 Stroth.
705 858 796 938 Quod
809 860 902 924 hodie
915 860 1014 925 etiam
1025 860 1128 925 dieere
1140 879 1232 943 posse
1251 862 1458 927 mibivideor.

333 972 389 1042 10,
419 976 437 1033 6
462 963 501 1034 sa·
524 966 657 1031 antidea
679 970 811 1031 senatos
833 969 908 1045 oet,
937 968 956 1029 i.
987 986 1012 1031 e.
1060 966 1095 1031 Si
1118 970 1249 1032 senatus
1271 970 1472 1051 populusque

240 1071 371 1143 disserit
398 1072 557 1141 immolari
588 1075 662 1139 ante
695 1092 792 1155 quam
823 1067 1027 1139 immolatum
1058 1075 1133 1151 erit,
1168 1076 1233 1152 vel,
1268 1076 1354 1157 quod
1386 1076 1472 1141 idem

240 1178 341 1255 valet,
377 1179 405 1243 si
435 1180 508 1260 quis
536 1182 609 1263 post
632 1182 760 1263 tempus
785 1200 805 1245 a
828 1183 942 1245 senatu
964 1182 1144 1263 populoque
1169 1184 1329 1246 statutum
1352 1183 1471 1247 saorifi-

241 1285 370 1361 daverit,
393 1286 483 1351 velut
508 1287 535 1351 si
558 1305 640 1353 anno
663 1286 802 1363 tardius,
825 1305 922 1371 qnam
945 1286 1114 1364 debuerat,
1145 1289 1337 1353 saeufieium
1359 1289 1471 1354 feeerit

241 1390 390 1474 (fortasse
415 1410 451 1459 er
474 1392 544 1459 fetu
567 1392 751 1474 posterioris
776 1392 867 1468 anni,
896 1412 961 1457 non
984 1394 1066 1457 veris
1091 1394 1201 1476 seori),
1236 1395 1332 1460 idne
1355 1397 1471 1479 populo

241 1499 345 1568 soelu
375 1500 459 1575 esto,
493 1498 549 1567 sed
580 1499 654 1567 solis
685 1518 754 1563 sero
784 1500 1035 1566 immolantibus.
1079 1500 1139 1564 llst
1170 1520 1208 1565 ea
1230 1500 1296 1565 fere
1326 1502 1472 1567 oodieum

241 1604 401 1686 seriptum
430 1606 528 1687 etque.
559 1606 737 1672 editionum
762 1608 837 1673 ante
867 1606 1074 1689 Madvigium.
1119 1607 1153 1671 Is
1182 1628 1223 1671 oe
1250 1608 1318 1673 loeo
1347 1612 1473 1673 motum

239 1712 313 1793 post
336 1710 470 1777 solidae
492 1712 600 1794 posuit
628 1712 662 1775 in
692 1712 739 1777 ed.
771 1721 800 1777 1.
823 1712 1032 1797 interpretem
1063 1713 1224 1796 quendam
1246 1714 1390 1793 Danum,
1419 1717 1473 1779 Er.

241 1816 442 1895 Muellerum,
466 1818 622 1897 adferens,
646 1818 679 1883 in
703 1820 772 1883 edd.
796 1827 826 1883 2.
851 1829 880 1885 3.
903 1839 940 1884 eo
963 1821 1074 1884 relioto
1098 1821 1139 1883 ad
1164 1821 1346 1887 Strotbium
1366 1824 1474 1887 solum

242 1926 406 1997 auetorem
429 1927 575 2007 relegans
597 1927 756 2007 legentes,
786 1927 842 2006 qui
864 1926 906 1990 ed
927 1926 1013 1989 huno
1036 1926 1141 1988 loeum
1163 1927 1243 1989 haee
1266 1929 1395 1990 tanturn
1418 1929 1474 1992 ad-

240 2032 426 2095 notaverat:
451 2030 644 2109 „Sententia
665 2032 781 2095 melius
806 2030 1023 2113 superioribus
1046 2029 1261 2112 responderet,
1284 2031 1312 2093 si
1327 2032 1473 2113 transpo-

241 2137 304 2203 sita
326 2139 485 2221 particula
507 2158 547 2203 oe
567 2140 744 2221 legeretur:
777 2135 811 2200 Si
834 2136 963 2202 antidea
987 2156 1023 2201 ae
1046 2137 1178 2201 senatus
1202 2146 1273 2218 pop.
1294 2136 1372 2201 iuss.
1394 2136 1472 2213 fieri,

240 2242 346 2316 fatte
392 2244 498 2323 ouem
527 2264 601 2311 vero
625 2246 663 2310 ob
692 2262 823 2311 oausam
853 2244 957 2325 magis
985 2243 1163 2308 eavendum
1194 2245 1296 2321 esset,
1329 2261 1369 2307 ne
1400 2244 1474 2325 quis

240 2354 420 2415 maturaret
444 2353 634 2417 saerifioium
656 2352 776 2429 faeere,
799 2371 899 2432 quem
920 2370 962 2415 ne
986 2351 1057 2432 quis
1081 2352 1303 2427 cunctaretur,
1331 2368 1396 2413 non
1419 2349 1474 2414 do·

241 2457 323 2533 (ellit,
357 2477 416 2525 nee
451 2460 624 2540 quisquam
657 2460 732 2523 ante
762 2458 961 2540 Madvigium
995 2458 1063 2521 eius
1094 2458 1309 2521 oonieeturam
1343 2456 1473 2539 reeepit,

239 2564 313 2647 post
335 2563 421 2627 huno
443 2582 517 2629 vero
549 2583 660 2633 omues
689 2567 818 2646 exoopto
842 2562 1051 2643 iueolringio,
1085 2562 1178 2642 quasi
1206 2580 1258 2625 res
1289 2564 1376 2626 esset
1406 2582 1474 2628 eer-

241 2670 376 2739 tissima..
1337 2730 1341 2741 ,

333 2784 424 2851 11,1
452 2774 549 2855 morte
572 2773 756 2854 republica
779 2776 847 2840 eod.
868 2775 958 2839 Harl.
982 2776 1015 2838 et
1039 2775 1105 2852 alii,
1124 2775 1211 2853 Wln,
1233 2775 1319 2840 an
1344 2785 1372 2854 6,
1395 2777 1474 2857 Tkg,

240 2881 341 2959 Rmn,
372 2882 444 2947 er.
489 2901 586 2963 reque.
615 2880 653 2948 de
675 2879 861 2962 publieoP
890 2882 1024 2963 aliique,
1054 2880 1150 2949 Groo.
1179 2882 1276 2946 Dralr.
1302 2882 1372 2960 SD,
1404 2883 1473 2947 Ais.

240 2988 316 3065 ΕΗ,
345 2988 430 3053 an
463 2996 491 3052 1.
536 3008 632 3069 reque
657 2986 837 3069 publicati
871 2998 900 3053 1.
924 2996 953 3055 3.
975 2990 1026 3053 Al.
1048 2988 1132 3070 Meg.
1161 2988 1234 3053 Sub.
1265 2988 1357 3053 Grut.
1386 2989 1472 3068 Mvg.

242 3093 331 3174 Quae
355 3098 424 3159 tarn
446 3095 539 3159 firma
563 3098 612 3159 est
642 3098 680 3161 ab
712 3096 872 3161 oodioibus
900 3096 1096 3179 praepositio
1123 3115 1188 3161 non
1218 3095 1311 3159 faoile
1340 3094 1474 3158 tollitur.

241 3201 398 3284 3331311
421 3206 453 3268 et
475 3223 571 3285 reque
594 3203 632 3267 de
655 3204 846 3271 confundere
869 3204 904 3269 in
925 3205 1078 3286 promptu
1099 3202 1170 3267 fuit
1214 3200 1382 3264 Invenitur
1405 3200 1474 3281 qui-

241 3308 315 3380 den
346 3310 473 3391 saepius
503 3310 588 3393 apud
610 3310 738 3377 Livium
767 3330 878 3391 respue
906 3308 1051 3388 publiea,
1086 3308 1143 3373 sed
1170 3326 1250 3371 num
1279 3306 1469 3373 intermedia

241 3416 339 3485 sinui
373 3416 486 3497 eopoia
525 3417 558 3481 et
591 3416 825 3498 praepositione
859 3416 915 3481 illa
949 3435 1008 3480 vor
1038 3415 1214 3491 dividatur,
1249 3414 1384 3481 dubium
1414 3416 1474 3479 est.

240 3520 350 3591 Etiam
374 3540 413 3589 ea.
435 3522 637 3589 substantiva
661 3525 693 3587 et
717 3523 882 3600 adieetive,
907 3541 988 3604 quoe
1011 3542 1075 3585 non
1097 3541 1197 3589 unern
1218 3521 1383 3587 notionem
1406 3520 1474 3585 effi·

242 3627 346 3705 dunt,
381 3628 543 3697 rarissimo
571 3629 750 3696 istomodo
775 3630 996 3711 seiungnntur.
1043 3638 1078 3705 9,
1109 3637 1168 3706 37,
1198 3638 1237 3694 11
1262 3630 1417 3709 metuque
1439 3627 1474 3692 in

242 3752 369 3815 magno,
406 3742 439 3813 9,
462 3744 524 3813 43,
556 3744 596 3803 15
628 3738 792 3818 aoiemque
821 3757 880 3820 per
908 3737 1057 3804 mediam.
1102 3738 1146 3801 At
1168 3734 1257 3803 baud
1279 3734 1374 3817 pauei
1396 3735 1474 3798 sunt

244 3840 317 3920 loo,
353 3842 408 3907 ubi
430 3844 506 3925 pest
526 3842 565 3908 de
588 3844 733 3925 sequitur
756 3842 870 3925 depae,
904 3864 933 3909 v.
957 3863 983 3908 e.
1007 3844 1046 3907 de
1068 3862 1103 3907 re
1125 3842 1253 3925 publiea
1277 3841 1379 3921 deque
1401 3859 1474 3923 pro-

245 3948 357 4015 vinoiis
382 3951 531 4019 senatum
554 3952 717 4017 oonsulere
742 3950 813 4033 (31,
838 3958 873 4028 b,
897 3959 926 4015 4.
962 3957 1020 4026 38,
1045 3950 1103 4026 35³,
1128 3949 1170 4032 7).
1213 3948 1329 4028 Itaque
1353 3966 1391 4011 ea
1412 3946 1475 4013 ior-

245 4054 335 4117 mula
359 4056 473 4118 oertior
497 4058 607 4123 estse
629 4058 828 4141 probabilior.
851 4094 895 4105 --
918 4056 966 4122 Ib.
989 4061 1100 4137 quotve
1122 4055 1191 4119 odd.
1221 4054 1261 4117 ab
1285 4053 1374 4119 omni
1394 4054 1477 4118 tem-

245 4178 332 4241 pore.
379 4166 513 4242 quotque
535 4164 612 4245 Mvg
636 4164 702 4228 eod
730 4184 834 4231 unum
856 4182 918 4227 ree.
941 4163 1105 4246 proferens
1129 4161 1238 4245 (‚‚Ber.
1262 4178 1281 4223 3
1303 4178 1404 4227 meno
1427 4164 1474 4224 2.“

249 4263 369 4350 13313).
415 4267 727 4349 quoduelleyioeibas
748 4270 785 4337 P.
