3200 4859
552 284 585 332 IN
601 285 627 331 Τ.
642 285 716 331 LIVIl
732 284 852 331 LIBRUM
867 282 943 331 XXII.
1009 349 1013 361 1
1261 282 1366 333 XXXIII

230 438 347 504 Contra
371 457 408 503 ac
431 438 521 501 decet
551 438 584 501 in
607 437 789 501 huiusmodi
819 435 992 500 enuntiatis
1023 435 1200 500 coniunctio
1231 435 1290 519 (et,
1315 455 1365 513 ac,

134 564 211 628 que,
235 545 272 610 cf.
297 563 393 627 supra
416 543 456 608 ad
481 553 516 621 9,
549 544 580 626 5)
605 543 733 608 additur
755 545 851 625 vulgo
875 561 894 607 a
917 543 1123 623 quibusdam,
1159 544 1196 607 ut
1222 543 1295 620 hoo,
1325 543 1363 608 de

136 671 202 735 quo
224 672 311 717 nunc
334 652 531 734 quaerimus,
559 652 626 716 loco
649 652 683 714 in
707 650 775 715 edd.
797 651 875 714 vett.
905 653 934 712 ei
956 668 978 712 1
1001 648 1064 732 (111
1087 647 1139 730 ab)
1169 653 1248 713 caat.
1283 648 1364 714 clad.

133 759 330 839 respirasse,
363 758 446 839 quod
474 758 624 840 repetivit
645 756 789 839 Madvig,
825 758 858 820 et
884 756 930 820 sio
959 774 1051 838 saepe
1081 755 1237 820 similibus
1271 758 1365 822 locis:

135 866 267 948 scripsit
291 865 376 929 enim
398 865 507 928 contra
531 863 651 929 codices
676 872 727 941 35,
752 872 803 940 27,
828 871 846 928 3
872 861 954 927 Cum
976 863 1019 926 ibi
1042 862 1160 925 stativa
1183 864 1305 940 essent,
1337 867 1367 927 ei

30 1048 31 1057 ἵ
136 972 232 1055 pauci
255 973 459 1036 tabernacula
482 972 644 1048 haberent,
669 978 720 1047 37,
748 979 799 1047 38,
825 979 845 1036 4
870 989 944 1034 cnm
959 969 1083 1051 longius
1098 972 1257 1034 certamen
1274 970 1365 1034 fieret

135 1082 169 1142 et
183 1080 399 1143 Romanorum
416 1115 458 1124 -
475 1080 630 1142 cresceret
646 1096 808 1153 11111111,
833 1083 885 1153 45,
903 1084 953 1153 36,
972 1086 988 1140 1
1007 1095 1081 1141 oum
1096 1076 1228 1158 privatis
1245 1076 1364 1158 delego

135 1185 264 1249 dicendi
286 1186 374 1248 locus
399 1186 491 1261 esset,
514 1188 543 1248 ei
565 1185 606 1248 ad
629 1183 828 1248 suadendum
850 1182 937 1247 hand
961 1182 1131 1263 quisquam
1153 1182 1343 1264 procederet.

29 1358 30 1369 ,
231 1292 277 1355 Ib.
307 1291 347 1355 ab
377 1290 538 1354 sortiaris
568 1289 711 1354 cladibus
739 1290 917 1369 respirasse
947 1288 1016 1353 edd.
1040 1290 1114 1353 anto
1144 1291 1177 1353 et
1205 1291 1278 1372 post
1300 1291 1366 1354 111.

29 1372 30 1389 ¹
138 1395 184 1459 ab
217 1400 291 1460 roal.
326 1396 471 1460 cladibus
506 1416 543 1459 aa
584 1397 760 1477 respirasse
793 1395 845 1462 PC
881 1396 946 1459 Als.
982 1394 1182 1477 (resperasse
1215 1395 1271 1479 P).
1328 1416 1367 1461 11

141 1503 318 1583 respirasse
347 1503 386 1566 ab
416 1506 492 1566 conl.
528 1500 673 1565 1111111111
703 1521 719 1566 1
750 1502 828 1567 coni.
857 1501 987 1565 Luchsii
1016 1502 1088 1565 er.
1140 1501 1365 1567 Coniunctione

27 1638 28 1709 p
135 1609 257 1691 aliqua,
280 1612 317 1672 ut
340 1610 469 1687 adsolet
491 1610 551 1673 hoo
567 1610 770 1673 enuntiatum
785 1608 988 1691 praecedenti
1004 1608 1171 1672 adnectere
1187 1610 1363 1686 voluerunt,

138 1716 240 1795 atque
263 1716 356 1778 utin
378 1716 603 1780 recentioribus
628 1715 695 1780 edd.
719 1718 748 1779 ei
770 1717 845 1779 ante
868 1713 908 1777 ab
931 1714 1092 1778 caaiiaais
1114 1716 1241 1793 mansit,
1265 1716 1366 1782 sicin

142 1819 171 1883 P
194 1840 240 1897 aa,
267 1821 349 1902 quod
373 1822 476 1886 eidem
500 1824 568 1888 loco
591 1823 786 1887 destinatum
811 1824 888 1898 erat,
911 1822 944 1885 in
967 1822 1073 1899 alium,
1097 1822 1151 1885 ubi
1165 1822 1245 1887 nihil
1260 1823 1365 1899 habet,

26 2010 27 2015 ἵ
141 1928 263 1991 temere
288 1928 430 1993 delatum
453 1931 510 1994 est.

234 2044 290 2112 19,
321 2042 338 2099 2
368 2035 486 2099 adiecit
515 2038 583 2102 cdd.
613 2038 681 2102 edd.
706 2036 841 2099 adiectis
873 2055 889 2101 e
920 2036 998 2100 coni.
1025 2036 1155 2100 Luchsii
1176 2037 1249 2100 er.
1293 2037 1365 2102 Non

139 2140 335 2205 immoratur
365 2144 499 2225 scriptor
528 2144 561 2206 in
590 2145 656 2221 his,
689 2163 770 2226 quae
799 2146 927 2208 narrat:
965 2144 1005 2207 ad
1038 2144 1168 2207 navium
1196 2162 1367 2208 numemm

25 2240 26 2307 l
139 2244 247 2309 decem
270 2246 402 2324 adiecit,
436 2249 528 2329 quasi
557 2251 658 2314 maior
680 2252 728 2314 vis
750 2251 801 2315 his
825 2251 929 2314 verbis
958 2250 1133 2327 tribuatur,
1168 2250 1223 2313 sed
1254 2250 1365 2314 statim

24 2438 25 2441 Ἴ
140 2349 275 2416 festinat
310 2353 349 2416 ad
383 2353 442 2417 hoc
477 2356 656 2419 accuratius
698 2356 932 2440 exponendum:
976 2355 1195 2437 qaadrapiaia
1231 2355 1366 2419 aerium

137 2455 274 2523 classem
301 2457 483 2523 Himilconi
511 2460 621 2523 tradit.
672 2462 775 2526 Inciso
806 2463 903 2543 igitur
933 2463 1008 2545 (non
1037 2463 1155 2527 maiore
1184 2462 1367 2545 interpunc-

24 2580 25 2657 ᾗ
141 2564 241 2647 tione)
267 2566 490 2648 distinguenda
514 2569 680 2636 enuntiata
703 2569 773 2646 illa,
804 2571 842 2633 ut
866 2586 946 2650 quae
970 2569 1112 2633 eiusdem
1135 2570 1258 2649 generis
1282 2571 1366 2647 sunt,

24 2744 25 2767 Χ
141 2670 236 2732 11111
261 2673 403 2755 exempla
425 2674 518 2737 modo
542 2675 583 2738 ad
608 2684 657 2752 18,
683 2684 724 2741 10
749 2676 852 2739 attuli.

237 2784 287 2851 19,
312 2784 329 2839 3
353 2778 490 2841 acerbas
513 2781 582 2845 cdd.
606 2781 674 2845 edd.
704 2800 802 2845 aaoes
832 2801 848 2845 1
879 2784 956 2847 coni.
979 2783 1125 2865 Rupertii
1153 2782 1244 2865 Mvg,
1273 2783 1366 2860 Rmn,

141 2878 216 2942 er.
263 2880 400 2944 1111111
420 2902 519 2963 prope
548 2890 667 2949 terram
698 2887 752 2970 (11.
781 2888 901 2967 ductis,
935 2890 954 2952 i.
985 2908 1010 2953 1.
1039 2890 1116 2953 dum
1144 2908 1241 2953 naves
1269 2908 1365 2972 prope

141 2987 264 3050 terram
297 2988 470 3071 ducuntur)
502 2992 672 3055 exercitare
701 2994 738 3055 ia
773 2993 864 3058 litore
893 2994 1031 3058 ducebat.
1077 2995 1195 3059 Deerat
1222 2996 1365 3079 particip.

139 3111 244 3175 praes.
268 3112 362 3176 pass,
386 3095 532 3173 alterurn,
557 3097 610 3160 ubi
634 3117 650 3162 e
673 3101 768 3163 verbo
793 3102 939 3182 sequenti
961 3101 1051 3165 facile
1075 3089 1217 3181 intellegi
1231 3102 1365 3183 poterat,

24 3204 26 3261 l
141 3200 299 3263 eritatum
324 3203 381 3264 est.
427 3202 529 3267 Aliter
552 3222 602 3267 res
628 3205 781 3270 sehabet
806 3216 856 3285 24,
881 3216 932 3284 36,
957 3215 975 3272 6
1000 3208 1080 3289 legio
1104 3207 1272 3271 maritimis
1288 3207 1364 3272 locis

24 3348 25 3377 ,
145 3303 247 3368 111111
270 3310 480 3389 prosequente
506 3309 545 3374 ad
568 3313 625 3393 Ap.
643 3310 812 3377 Claudium
834 3314 986 3397 pervenit.
1031 3314 1221 3395 Agnoscitur
1244 3314 1366 3378 dictum

24 3408 25 3411 ’
143 3405 267 3491 Polybii
302 3413 349 3493 (3,
379 3415 433 3497 95)
467 3418 541 3494 ταῖς
569 3414 629 3499 μὲν
656 3417 749 3483 ναυσὶ
780 3421 874 3507 παρὰ
903 3421 959 3508 τὴν
985 3418 1100 3507 χέρσον
1132 3418 1277 3485 ἐποιεῖτο
1310 3421 1366 3487 τὸν

143 3513 257 3595 πλοῦν,
281 3520 352 3595 τοῖς
374 3516 411 3583 δὲ
433 3520 546 3602 πεζοῖς
568 3524 625 3611 τὴν
647 3522 784 3612 πορείαν
808 3527 902 3612 παρὰ
924 3526 980 3592 τὸν
1002 3522 1158 3610 αἰγιαλόν.
1197 3527 1304 3591 Etiam
1327 3528 1365 3592 de

140 3622 275 3704 triginta
297 3626 430 3691 navibus
455 3646 473 3691 a
496 3628 593 3693 fratre
618 3631 754 3713 acceptis
777 3631 887 3695 Liuius
910 3632 962 3696 lric
985 3633 1022 3694 nt
1042 3631 1192 3715 Polybius
1215 3634 1365 3715 loquitur,
1450 3619 1454 3627 ’

141 3729 204 3792 etsi
228 3738 283 3808 21,
308 3738 366 3809 22,
396 3735 546 3817 4111111
570 3734 668 3800 fuisse
691 3736 822 3800 dixerat.
867 3738 1050 3801 Hasdrubal
1073 3738 1173 3803 classe
1196 3739 1366 3803 Himilconi

141 3834 261 3901 tradita
284 3838 341 3925 τὴν
363 3838 463 3926 πεζὴν
486 3839 650 3927 ἡθροικὼς
672 3840 808 3925 δύναμιν
837 3840 992 3923 ἀνέζευξε,
1022 3863 1081 3909 111
1102 3846 1208 3927 potest
1229 3843 1369 3909 raedas

139 3938 183 4003 ad
198 3942 362 4023 profectus
385 3944 495 4009 referri
517 3948 579 4010 nisi
603 3967 664 4029 quo
689 3966 784 4013 sensu
813 3950 922 4014 scribit
945 3950 1062 4015 ibidem
1072 3950 1224 4033 Polybius
1240 3948 1365 4039 ἀνήχθη

140 4046 382 4133 τετταράκοντα
405 4048 498 4114 ναυσὶ
514 4052 768 4140 καταφράκτοις.
806 4052 898 4133 Quod
920 4056 1080 4137 reliquum
1103 4059 1161 4135 est,
1186 4059 1295 4121 auctor
1310 4056 1365 4121 ille

143 4149 286 4217 Graecus
308 4155 524 4222 Hamilcarem
546 4159 742 4240 praefectum
769 4161 900 4226 navium
929 4162 1014 4227 facit.
1060 4162 1106 4227 df.
1128 4164 1195 4229 Liv.
1226 4170 1285 4240 24,
1315 4170 1370 4240 35,

141 4264 172 4323 3.
199 4264 251 4335 27,
276 4268 304 4337 6,
330 4269 380 4326 13.

195 4360 449 4431 1111111111111.
1138 4375 1155 4428 3
