3200 4859
267 296 315 345 XX
773 296 998 344 Paenusonrrrll

268 452 372 515 tione:
408 451 454 515 ita
482 452 553 514 tum
583 468 621 513 ex
648 449 770 514 viribus
801 449 980 513 extenuatis
1011 450 1247 515 aestimandum
1270 469 1339 515 esse
1363 452 1497 517 eredunt

268 557 427 639 quidquid
455 556 564 620 miseri
593 555 751 620 aooiderit.
805 554 840 619 Si
875 554 952 636 quid
985 554 1079 620 modo
1113 558 1298 638 poneretur,
1331 556 1498 624 incidisset

269 664 365 729 seribi
389 662 537 745 oportuit.

360 778 395 846 8,
432 778 449 835 6
481 788 538 832 aee
567 767 751 831 dictatorem
772 765 895 847 populo
923 784 1033 831 errare
1054 769 1186 846 peterat
1212 768 1241 832 P
1274 770 1387 835 inserit
1421 775 1494 837 ante

268 875 354 956 quod
385 893 563 955 pompeam
591 871 746 957 (popalus
774 872 802 936 P
830 892 872 937 m.
902 882 931 937 2.
978 873 1137 954 eeterique
1172 874 1239 939 edd.
1274 878 1371 958 atque
1406 878 1496 960 edd).

260 981 437 1061 -Quoddam
473 980 564 1062 quasi
592 980 930 1063 interpretamentum,
964 980 1026 1043 nisi
1055 980 1162 1059 fallor,
1195 982 1256 1047 hoe
1289 983 1365 1061 fuit,
1399 985 1493 1067 idque

269 1107 384 1172 parum
408 1087 540 1163 subtile,
564 1086 639 1151 olim
662 1086 798 1168 margini
821 1086 1017 1169 adscriptum
1040 1086 1081 1150 ad
1105 1105 1157 1165 ea,
1188 1107 1270 1169 quae
1292 1092 1495 1173 praecedunt,

270 1196 386 1277 quibus
409 1195 469 1258 hoe
491 1195 649 1270 narratur,
673 1193 795 1257 eivitati
811 1192 976 1257 dietatoris
992 1192 1186 1258 desiderium
1201 1194 1309 1274 fuisse,
1332 1199 1495 1263 eonsulem

271 1303 379 1366 autem
415 1300 558 1365 absentia
592 1318 650 1363 sua
684 1299 929 1381 interclusisque
962 1300 1131 1365 itineribus
1166 1302 1356 1384 immditum
1389 1305 1495 1385 fuisse,

271 1408 440 1489 quominus
464 1406 652 1470 diotatorem
675 1406 802 1471 dioeret.
832 1406 956 1471 Deinde
979 1426 1053 1471 vero
1076 1407 1157 1472 illud
1180 1409 1339 1489 glossema
1363 1413 1496 1476 orationi

269 1514 418 1578 Livianae
441 1513 638 1594 ineleganter
660 1512 842 1577 immistum
866 1514 916 1577 est
945 1513 992 1596 (iu
1020 1514 1106 1579 huno
1134 1514 1256 1580 seilioet
1284 1518 1433 1582 modum:
1463 1522 1496 1583 11

268 1622 379 1685 eonsul
403 1621 528 1697 aberat,
557 1638 616 1684 neo
644 1619 735 1684 faoile
760 1622 829 1684 erat
851 1621 1001 1684 nuntium
1023 1622 1124 1699 mitti,
1150 1640 1210 1686 neo
1233 1617 1424 1689 dietatorem‘
1442 1645 1498 1709 po-

268 1729 344 1810 pulo
374 1745 479 1792 ereare
512 1725 666 1810 poterat),
701 1726 972 1808 quemadmodum
1007 1747 1101 1811 saepe
1135 1729 1244 1812 inepta
1279 1730 1497 1797 additamenta

268 1854 344 1899 oum
377 1852 495 1915 magna
530 1832 740 1898 sollieitudine
769 1834 982 1917 interpretum
1016 1835 1049 1898 in
1080 1834 1222 1899 ordinem
1252 1839 1380 1918 reeepta
1410 1840 1496 1916 sunt,

267 1942 358 2005 euius
383 1941 506 2022 generis
536 1940 618 2004 infra
651 1947 708 2018 24,
740 1949 781 2005 10
810 1940 870 2005 hoo
900 1943 965 2005 est:
994 1958 1079 2020 pars
1107 1940 1263 2002 1111111111
1291 1941 1402 2004 aberat
1427 1944 1498 2007 iam

268 2046 370 2129 fame,
404 2065 485 2128 quae
508 2047 631 2110 insulse
654 2046 752 2111 fuisse
775 2046 901 2111 videtur
925 2046 1089 2129 explicatio
1114 2045 1270 2110 enuntiati
1292 2046 1378 2109 illius
1401 2051 1498 2112 taeta

265 2154 434 2235 paucitate
457 2152 513 2217 oie
535 2156 643 2217 eastra
666 2152 768 2216 tutari
785 2156 915 2232 poterat
936 2152 1111 2230 Hannibal,
1138 2150 1194 2233 qui
1216 2152 1346 2216 tertiam
1368 2155 1495 2235 partem

267 2262 411 2326 militum
433 2260 667 2325 frumentatum
691 2259 863 2325 dimiserat.
904 2259 1045 2324 Credidit
1068 2259 1153 2323 enim
1168 2258 1369 2340 glossematis
1386 2260 1498 2322 auetor

257 2368 445 2433 ,Poenorum
469 2368 641 2432 exereitum
664 2368 742 2431 tuno
763 2367 871 2448 ipsum
893 2364 977 2429 fame
1000 2366 1177 2442 laborasse,
1207 2383 1341 2445 eamque
1366 2384 1498 2429 eausam

266 2473 365 2537 luisse
388 2474 569 2555 paucitatis.
613 2472 716 2535 Priori
740 2474 849 2535 autem
879 2472 946 2533 loeo
977 2471 1017 2534 ad
1048 2470 1128 2533 illud
1157 2470 1376 2546 inserendum,
1412 2472 1499 2552 quod

267 2578 544 2661 interpretamenti
579 2577 716 2657 effigiem
750 2576 987 2658 repraesentat,
1024 2574 1145 2655 aliquid
1178 2576 1333 2638 momenti
1362 2575 1498 2641 forsitan

267 2684 437 2748 habuerint
465 2684 572 2747 minus
601 2681 764 2746 intellecta
794 2698 876 2761 quae
907 2682 982 2743 sunt
1010 2700 1035 2744 o.
1072 2689 1111 2746 31
1149 2700 1171 2743 a
1201 2679 1320 2760 populo
1354 2688 1498 2747 ereetum
1567 2667 1568 2720 l

265 2789 459 2853 dictatorem.
493 2788 572 2853 Inde
589 2788 754 2869 sumptum
769 2788 865 2870 putat
879 2786 1067 2863 Mommsen,
1092 2787 1146 2869 qui
1170 2788 1382 2852 aoeessionem
1397 2790 1495 2853 istam

259 2897 488 2961 inooneinnam
512 2895 602 2960 eieeit
626 2893 730 2978 (Oorp.
752 2894 852 2958 Inser.
875 2894 946 2957 Lat.
968 2893 1000 2971 I,
1022 2914 1052 2976 p.
1077 2894 1171 2976 288),
1201 2912 1336 2975 eamque
1359 2896 1497 2958 Mueller

267 3004 359 3068 uneis
381 3003 520 3068 inelusit.
565 3002 678 3066 Plures
702 3002 838 3066 alteram
860 3001 965 3077 illam,
990 3019 1071 3082 quae
1095 3003 1195 3066 1111.
1220 3009 1275 3077 24,
1309 3009 1365 3076 10,
1392 3018 1498 3063 remo-

263 3112 390 3176 rerunt.

356 3215 448 3296 Quod
472 3216 583 3281 volunt
605 3216 691 3279 an
719 3216 751 3280 et
772 3215 867 3291 Wln,
896 3233 953 3277 nee
982 3213 1167 3277 dictatorem
1183 3212 1358 3290 praetor
1383 3230 1496 3275 creare

260 3326 404 3403 poterat,
428 3342 487 3387 nee
510 3342 583 3387 eum
606 3321 675 3386 edd.
699 3321 845 3385 eonvenit
867 3339 926 3384 nee
949 3320 1024 3384 addi
1047 3319 1172 3383 omnino
1195 3320 1251 3401 pet
1277 3318 1301 3381 't
1322 3319 1495 3401 postquam

267 3430 310 3493 ab
346 3429 474 3493 oonsule
513 3448 576 3493 uno
618 3428 807 3492 dictatorem
841 3426 903 3491 diei
940 3426 1081 3509 potuisse
1121 3427 1288 3489 narratum
1329 3426 1387 3488 est.
1445 3423 1492 3490 Cf.

267 3536 500 3611 Mommsen,
529 3535 620 3598 Rom.
646 3532 780 3598 Staatsr.
802 3533 850 3609 Π,
876 3542 892 3596 1
918 3552 948 3615 p.
973 3541 1054 3597 131:
1085 3531 1175 3608 „Hat
1197 3532 1283 3595 dieee
1306 3531 1494 3595 Diktatoren

256 3642 340 3707 -lrein
355 3642 480 3707 Kensul
503 3643 647 3719 ernannt,
671 3658 706 3704 so
727 3641 814 3704 kann
837 3658 871 3703 11
893 3658 956 3703 nur
978 3638 1078 3703 durch
1101 3639 1164 3703 den
1178 3638 1293 3702 Prator
1315 3636 1494 3719 gesehehen

266 3749 353 3825 sein;
376 3748 474 3813 wolin
497 3748 579 3813 aueh
602 3748 652 3811 die
677 3746 1047 3829 analogeBestimmung
1061 3746 1128 3811 Liv.
1151 3754 1202 3823 27,
1227 3751 1256 3822 5,
1281 3752 1321 3809 16
1347 3743 1494 3826 sprieht.“

266 3856 419 3939 Madvigii
443 3855 578 3937 denique
602 3855 811 3919 recentiorem
833 3853 1061 3929 oonieoturam,
1087 3870 1145 3915 nee
1167 3850 1351 3914 dictatorem
1372 3846 1494 3930 populo

243 3980 332 4043 ,poe
353 3961 493 4027 censebo
515 3964 643 4026 senatus
665 3980 775 4024 oreore
790 3961 927 4039 peterat,
950 3957 1103 4022 refutavit
1125 3956 1258 4021 Harant.

358 4078 394 4147 8,
426 4068 572 4148 viisque
594 4068 636 4145 P,
666 4066 750 4149 quod
778 4084 842 4130 nou
870 4063 994 4129 viderat
1016 4064 1097 4141 Ale,
1131 4064 1170 4127 ob
1198 4080 1332 4143 eamque
1363 4079 1494 4126 oausam

255 4173 379 4256 bisque
402 4176 513 4239 tenent
537 4174 605 4238 edd.

256 4308 259 4315 ’
358 4290 393 4359 9,
424 4289 443 4345 2
474 4278 564 4344 baud
584 4278 683 4344 nimis
697 4296 852 4361 prospere
874 4278 944 4343 edd.
967 4294 1076 4343 omnes
1100 4277 1174 4341 ante
1196 4277 1286 4359 Mvg,
1319 4277 1392 4359 pest
1419 4292 1495 4338 eum
