3200 4859
219 288 315 376 nris?
331 304 358 361 τ’·
371 290 379 358 3
508 285 748 373 ’1155555551
764 327 798 372 ru
815 327 840 373 r.
856 326 931 373 mvn
947 327 1065 374 515555
1081 327 1158 375 555.

218 481 382 563 respicere,
398 481 554 544 rationem
569 480 755 555 5511155555,
771 480 1018 563 circumspicere,
1034 480 1160 557 intueri,
1175 481 1264 543 55155
1279 500 1445 546 summum

218 588 366 669 quodque
390 586 485 651 decus
510 587 552 671 (7,
578 593 628 663 32,
654 586 723 668 14),
748 586 799 669 (15
823 586 883 650 1115
908 586 1058 669 55555515)
1081 588 1222 677 hostium
1246 589 1447 672 555551555-

220 712 341 775 vasque
365 693 454 757 sedes
479 693 621 775 spectare
646 695 688 775 (5,
714 699 764 769 21,
789 692 831 775 5),
854 711 941 757 mare
966 712 1003 757 ac
1025 712 1121 757 55555
1145 694 1210 777 (22,
1235 700 1286 771 53,
1311 694 1443 776 5),1555

219 793 349 864 551555
374 800 416 883 (5,
442 808 492 875 16,
517 798 558 881 8),
582 798 692 879 fugam
714 799 816 880 magis
842 818 944 880 quam
961 799 1116 882 proelium
1140 800 1182 883 (8,
1208 808 1258 877 19,
1284 801 1331 883 7),
1355 820 1444 876 arma

218 907 286 987 (10,
312 914 362 983 18,
387 905 435 987 5),
464 923 553 968 arma
576 906 608 969 55
631 905 751 969 bellum
774 906 817 989 (3,
843 912 892 982 69,
917 914 945 969 2.
971 914 998 982 9,
1025 914 1074 983 10,
1099 906 1147 988 5),
1178 925 1266 969 arma
1290 909 1322 971 55
1345 908 1448 972 rebel-

219 1013 336 1076 lionem
360 1012 424 1095 (10,
450 1021 500 1089 11,
526 1010 567 1093 7),
590 1012 1066 1096 55155155151555155551(23,
1092 1022 1142 1090 34,
1167 1015 1230 1096 10),
1254 1014 1444 1079 deditionem

224 1120 266 1203 (6,
291 1126 342 1197 33,
368 1120 409 1201 1).
454 1120 513 1183 nse
536 1121 645 1182 autem
666 1123 807 1197 spectare
830 1120 876 1183 od
897 1118 1026 1200 aliquid
1047 1121 1178 1184 15555515
1203 1121 1300 1183 oculis
1325 1121 1447 1202 aliquid

221 1226 356 1302 intueri,
386 1226 420 1289 in
443 1245 511 1290 rem
534 1227 696 1290 intentum
726 1245 810 1303 5555,
840 1227 972 1308 ideoque
1004 1228 1102 1290 etiam
1125 1227 1246 1308 aliquid
1277 1228 1366 1309 sequi
1395 1229 1449 1291 551

220 1334 281 1397 sibi
315 1332 555 1414 adsequendum
585 1334 722 1414 cogitare
758 1335 854 1415 atque
885 1335 925 1397 ad
954 1334 987 1397 id
1018 1352 1147 1416 operam
1177 1334 1267 1410 dare,
1303 1335 1447 1398 animum

221 1440 348 1503 iniicere
379 1439 472 1501 alicui
502 1439 548 1501 rei
579 1438 824 1519 adgrediendae,
860 1440 980 1521 aliquid
1009 1441 1176 1521 tamquam
1206 1440 1303 1503 finem
1332 1440 1447 1521 agendi

221 1546 282 1609 sibi
304 1562 492 1627 proponere,
515 1545 659 1627 inprimis
683 1545 721 1609 de
745 1565 861 1626 magno
886 1547 990 1627 aliquo
1013 1546 1192 1610 molimine:
1222 1547 1447 1611 diciturenim

221 1670 299 1734 gens
324 1651 364 1714 ad
387 1652 589 1716 rebellionem
615 1655 755 1735 spectare
780 1652 852 1736 (34,
877 1661 933 1730 56,
959 1662 1009 1719 10.
1039 1661 1091 1730 40,
1116 1662 1151 1730 1,
1182 1652 1230 1735 3),
1266 1654 1305 1717 ab
1328 1654 1443 1716 scelere

224 1758 264 1821 51
288 1758 375 1822 51151
400 1760 542 1840 spectare
565 1759 681 1822 mulier
705 1759 808 1823 scelus
833 1759 875 1842 (1,
899 1768 950 1835 47,
976 1759 1021 1840 1),
1044 1760 1150 1842 plebes
1175 1759 1216 1822 ad
1239 1758 1448 1823 defectionem

222 1865 289 1948 (23,
316 1874 344 1942 6,
367 1873 405 1939 4;
431 1874 481 1941 16,
506 1865 554 1946 2),
590 1865 630 1928 51
653 1866 831 1929 5511551551
855 1884 893 1928 55
916 1866 1043 1929 51515555
1068 1866 1215 1929 senatum
1239 1865 1308 1948 (23,
1340 1872 1374 1940 2,
1407 1866 1448 1947 7),

222 1971 264 2035 51
287 1972 351 2034 vim
376 1974 518 2053 spectare
542 1990 592 2061 res
617 1972 719 2053 555515
743 1972 791 2053 (1,
824 1980 857 2047 9,
888 1971 936 2053 6),
966 1971 1325 2052 51151555155515(24,
1351 1980 1379 2045 6,
1406 1970 1449 2051 1),

225 2078 267 2141 51
292 2078 479 2141 seditionem
503 2080 567 2160 (25,
593 2084 621 2154 3,
647 2077 709 2159 19),
733 2095 831 2159 55555
854 2096 892 2141 55
914 2096 947 2141 re
972 2078 1012 2141 ad
1035 2078 1238 2141 rebellionem
1261 2078 1303 2160 (2,
1328 2084 1380 2152 16,
1404 2076 1450 2156 2).
1546 2072 1551 2078 ’

224 2183 270 2249 Of.
302 2192 358 2260 36,
391 2190 448 2261 45,
485 2193 503 2249 9
535 2184 733 2248 intuentibus
763 2184 886 2248 cunctis
917 2185 956 2247 ad
985 2185 1160 2249 finiendum
1190 2204 1264 2247 cum
1292 2178 1448 2247 Antiocho

217 2292 353 2374 bellum.
1020 2306 1023 2311 ·

312 2398 358 2462 115
381 2398 478 2479 igitur
502 2416 591 2460 arma
613 2398 664 2462 vel
688 2416 776 2461 arma
792 2399 961 2462 5515511555
977 2400 1129 2480 spectare,
1154 2397 1199 2461 515
1215 2397 1343 2478 quidem
1359 2414 1451 2459 arma

149 2572 152 2579 ,
223 2506 258 2567 55
280 2504 496 2579 rebellionem,
531 2504 652 2568 bellum
676 2523 712 2567 55
740 2504 963 2581 defectionem,
998 2506 1094 2585 atque
1123 2504 1221 2567 etiam
1252 2504 1317 2566 sine
1347 2502 1451 2564 aliero

225 2609 417 2673 deditionem
441 2612 597 2691 spectare,
628 2612 737 2692 utpote
770 2611 982 2692 quodminus
1007 2612 1056 2673 555
1079 2610 1242 2690 agentium
1274 2626 1371 2690 quam
1394 2625 1452 2689 pa

223 2716 390 2789 dentium3
426 2716 482 2779 551
511 2714 719 2779 defectionem
750 2718 907 2798 spectare,
937 2716 999 2779 nisi
1032 2716 1087 2779 nbi
1111 2715 1233 2779 5555115
1256 2715 1376 2779 bellum
1400 2714 1454 2776 551

224 2840 331 2899 arma,
365 2839 525 2901 nusquam
556 2823 723 2903 comparet.
770 2820 920 2886 Ceterum
950 2820 996 2883 cd
1025 2823 1098 2884 5555
1128 2822 1270 2885 litteram
1298 2819 1321 2881 d
1349 2837 1452 2900 aeque

225 2927 316 2992 155115
338 2928 391 2991 hic
413 2927 446 2989 in
468 2926 495 2989 P
519 2927 632 2991 excidii
656 2945 692 2991 55
716 2945 812 3009 supra
835 2946 860 2991 c.
886 2936 940 3004 19,
965 2935 983 2993 5
1009 2929 1083 2990 5555
1106 2926 1300 2989 auditionem
1324 2926 1356 2989 55
1379 2926 1454 3007 5555
1482 2951 1486 2957 ·

226 3054 251 3098 5.
277 3043 332 3111 30,
364 3044 381 3099 1
407 3036 480 3098 5555
504 3033 677 3097 dictatoris.
722 3033 839 3115 Itaque
861 3034 1051 3117 praepositio
1080 3033 1136 3096 illa
1159 3032 1359 3096 restituenda
1382 3048 1455 3094 esse

115 3165 117 3169 ·
226 3140 361 3205 5115555.
